@ARTICLE{1998PhRvD..58i3009G,
   author = {{Gandhi}, R. and {Quigg}, C. and {Reno}, M.~H. and {Sarcevic}, I.
	},
    title = "{Neutrino interactions at ultrahigh energies}",
  journal = {\prd},
   eprint = {arXiv:hep-ph/9807264},
 keywords = {Neutrino interactions, Total and inclusive cross sections, Neutrino, muon, pion, and other elementary particle detectors; cosmic ray detectors},
     year = 1998,
    month = nov,
   volume = 58,
   number = 9,
      eid = {093009},
    pages = {093009},
      doi = {10.1103/PhysRevD.58.093009},
   adsurl = {http://adsabs.harvard.edu/abs/1998PhRvD..58i3009G},
  adsnote = {Provided by the SAO/NASA Astrophysics Data System}
}


@ARTICLE{2007Sci...318..938P,
   author = {{Pierre Auger Collaboration} and et al.},
    title = "{Correlation of the Highest-Energy Cosmic Rays with Nearby Extragalactic Objects}",
  journal = {Science},
archivePrefix = "arXiv",
   eprint = {0711.2256},
     year = 2007,
    month = nov,
   volume = 318,
    pages = {938-},
      doi = {10.1126/science.1151124},
   adsurl = {http://adsabs.harvard.edu/abs/2007Sci...318..938P},
  adsnote = {Provided by the SAO/NASA Astrophysics Data System}
}


@ARTICLE{2008APh....29..188P,
   author = {{Pierre Auger Collaboration} and et al.},
    title = "{Correlation of the highest-energy cosmic rays with the positions of nearby active galactic nuclei}",
  journal = {Astroparticle Physics},
archivePrefix = "arXiv",
   eprint = {0712.2843},
     year = 2008,
    month = apr,
   volume = 29,
    pages = {188-204},
      doi = {10.1016/j.astropartphys.2008.01.002},
   adsurl = {http://adsabs.harvard.edu/abs/2008APh....29..188P},
  adsnote = {Provided by the SAO/NASA Astrophysics Data System}
}

@ARTICLE{2010ApJ...719.1433A,
   author = {{Abdo}, A.~A. and et al.},
    title = "{Fermi Large Area Telescope View of the Core of the Radio Galaxy Centaurus A}",
  journal = {\apj},
archivePrefix = "arXiv",
   eprint = {1006.5463},
 primaryClass = "astro-ph.HE",
 keywords = {galaxies: active, galaxies: individual: Centaurus A, galaxies: jets, gamma rays: galaxies, radiation mechanisms: non-thermal},
     year = 2010,
    month = aug,
   volume = 719,
    pages = {1433-1444},
      doi = {10.1088/0004-637X/719/2/1433},
   adsurl = {http://adsabs.harvard.edu/abs/2010ApJ...719.1433A},
  adsnote = {Provided by the SAO/NASA Astrophysics Data System}
}


@ARTICLE{2009ApJ...695L..40A,
   author = {{Aharonian}, F. and et al.},
    title = "{Discovery of Very High Energy {$\gamma$}-Ray Emission from Centaurus a with H.E.S.S.}",
  journal = {\apjl},
archivePrefix = "arXiv",
   eprint = {0903.1582},
 primaryClass = "astro-ph.CO",
 keywords = {galaxies: active, galaxies: individual: Cen A, gamma rays: observations},
     year = 2009,
    month = apr,
   volume = 695,
    pages = {L40-L44},
      doi = {10.1088/0004-637X/695/1/L40},
   adsurl = {http://adsabs.harvard.edu/abs/2009ApJ...695L..40A},
  adsnote = {Provided by the SAO/NASA Astrophysics Data System}
}


@ARTICLE{2005A&A...441..465A,
   author = {{Aharonian}, F. and et al.},
    title = "{Observations of selected AGN with HESS}",
  journal = {\aap},
   eprint = {arXiv:astro-ph/0507207},
 keywords = {galaxies: active, BL Lacertae objects: general, gamma rays: observations},
     year = 2005,
    month = oct,
   volume = 441,
    pages = {465-472},
      doi = {10.1051/0004-6361:20053478},
   adsurl = {http://adsabs.harvard.edu/abs/2005A%26A...441..465A},
  adsnote = {Provided by the SAO/NASA Astrophysics Data System}
}

@ARTICLE{2003ApJ...586...79A,
   author = {{Atoyan}, A.~M. and {Dermer}, C.~D.},
    title = "{Neutral Beams from Blazar Jets}",
  journal = {\apj},
   eprint = {arXiv:astro-ph/0209231},
 keywords = {Galaxies: Active, Galaxies: Jets, Gamma Rays: Theory, Radiation Mechanisms: Nonthermal, X-Rays: Galaxies},
     year = 2003,
    month = mar,
   volume = 586,
    pages = {79-96},
      doi = {10.1086/346261},
   adsurl = {http://adsabs.harvard.edu/abs/2003ApJ...586...79A},
  adsnote = {Provided by the SAO/NASA Astrophysics Data System}
}

@ARTICLE{2008PhR...458..173B,
   author = {{Becker}, J.~K.},
    title = "{High-energy neutrinos in the context of multimessenger astrophysics}",
  journal = {\physrep},
archivePrefix = "arXiv",
   eprint = {0710.1557},
     year = 2008,
    month = mar,
   volume = 458,
    pages = {173-246},
      doi = {10.1016/j.physrep.2007.10.006},
   adsurl = {http://adsabs.harvard.edu/abs/2008PhR...458..173B},
  adsnote = {Provided by the SAO/NASA Astrophysics Data System}
}


@ARTICLE{2009APh....31..138B,
   author = {{Becker}, J.~K. and {Biermann}, P.~L.},
    title = "{Neutrinos from active black holes, sources of ultra high energy cosmic rays}",
  journal = {Astroparticle Physics},
archivePrefix = "arXiv",
   eprint = {0805.1498},
 keywords = {98.70.Sa, 98.54.Gr, 14.60.Lm},
     year = 2009,
    month = mar,
   volume = 31,
    pages = {138-148},
      doi = {10.1016/j.astropartphys.2008.12.006},
   adsurl = {http://adsabs.harvard.edu/abs/2009APh....31..138B},
  adsnote = {Provided by the SAO/NASA Astrophysics Data System}
}

@ARTICLE{2008PhRvD..78b3007C,
   author = {{Cuoco}, A. and {Hannestad}, S.},
    title = "{Ultrahigh energy neutrinos from Centaurus A and the Auger hot spot}",
  journal = {\prd},
archivePrefix = "arXiv",
   eprint = {0712.1830},
 keywords = {Neutrino, muon, pion, and other elementary particles; cosmic rays, Active and peculiar galaxies and related systems, Cosmic rays},
     year = 2008,
    month = jul,
   volume = 78,
   number = 2,
      eid = {023007},
    pages = {023007},
      doi = {10.1103/PhysRevD.78.023007},
   adsurl = {http://adsabs.harvard.edu/abs/2008PhRvD..78b3007C},
  adsnote = {Provided by the SAO/NASA Astrophysics Data System}
}



@ARTICLE{2009NJPh...11f5016D,
   author = {{Dermer}, C.~D. and {Razzaque}, S. and {Finke}, J.~D. and {Atoyan}, A.
	},
    title = "{Ultra-high-energy cosmic rays from black hole jets of radio galaxies}",
  journal = {New Journal of Physics},
archivePrefix = "arXiv",
   eprint = {0811.1160},
     year = 2009,
    month = jun,
   volume = 11,
   number = 6,
      eid = {065016},
    pages = {065016},
      doi = {10.1088/1367-2630/11/6/065016},
   adsurl = {http://adsabs.harvard.edu/abs/2009NJPh...11f5016D},
  adsnote = {Provided by the SAO/NASA Astrophysics Data System}
}


@BOOK{2009herb.book.....D,
   author = {{Dermer}, C.~D. and {Menon}, G.},
    title = "{High Energy Radiation from Black Holes: Gamma Rays, Cosmic Rays, and Neutrinos}",
booktitle = {High Energy Radiation from Black Holes: Gamma Rays, Cosmic Rays, and Neutrinos by Charles D.~Dermer and Govind Menon.~Princeton Univerisity Press, November 2009.},
     year = 2009,
   adsurl = {http://adsabs.harvard.edu/abs/2009herb.book.....D},
  adsnote = {Provided by the SAO/NASA Astrophysics Data System}
}



@ARTICLE{2008JCAP...06..022G,
   author = {{Gupta}, N.},
    title = "{Gamma rays from Centaurus A}",
  journal = {\jcap},
archivePrefix = "arXiv",
   eprint = {0804.3017},
     year = 2008,
    month = jun,
   volume = 6,
      eid = {022},
    pages = {22},
      doi = {10.1088/1475-7516/2008/06/022},
   adsurl = {http://adsabs.harvard.edu/abs/2008JCAP...06..022G},
  adsnote = {Provided by the SAO/NASA Astrophysics Data System}
}


@ARTICLE{2009MNRAS.393.1041H,
   author = {{Hardcastle}, M.~J. and {Cheung}, C.~C. and {Feain}, I.~J. and 
	{Stawarz}, {\L}.},
    title = "{High-energy particle acceleration and production of ultra-high-energy cosmic rays in the giant lobes of Centaurus A}",
  journal = {\mnras},
archivePrefix = "arXiv",
   eprint = {0808.1593},
 keywords = {acceleration of particles , cosmic rays , galaxies: jets , radio continuum: galaxies},
     year = 2009,
    month = mar,
   volume = 393,
    pages = {1041-1053},
      doi = {10.1111/j.1365-2966.2008.14265.x},
   adsurl = {http://adsabs.harvard.edu/abs/2009MNRAS.393.1041H},
  adsnote = {Provided by the SAO/NASA Astrophysics Data System}
}


@ARTICLE{2009A&A...506L..41R,
   author = {{Rieger}, F.~M. and {Aharonian}, F.~A.},
    title = "{Centaurus A as TeV {$\gamma$}-ray and possible UHE cosmic-ray source}",
  journal = {\aap},
archivePrefix = "arXiv",
   eprint = {0910.2327},
 primaryClass = "astro-ph.HE",
 keywords = {acceleration of particles, black hole physics, radiation mechanisms: non-thermal, galaxies: active, galaxies: jets},
     year = 2009,
    month = nov,
   volume = 506,
    pages = {L41-L44},
      doi = {10.1051/0004-6361/200912562},
   adsurl = {http://adsabs.harvard.edu/abs/2009A%26A...506L..41R},
  adsnote = {Provided by the SAO/NASA Astrophysics Data System}
}

@ARTICLE{2007AN....328..614U,
   author = {{Unger}, M. and {Engel}, R. and {Sch{\"u}ssler}, F. and {Ulrich}, R. and 
	{Pierre Auger Collaboration}},
    title = "{Study of the Cosmic Ray Composition above 0.4 EeV using the Longitudinal Profiles of Showers observed at the Pierre Auger Observatory}",
  journal = {Astronomische Nachrichten},
archivePrefix = "arXiv",
   eprint = {0706.1495},
     year = 2007,
    month = sep,
   volume = 328,
    pages = {614},
   adsurl = {http://adsabs.harvard.edu/abs/2007AN....328..614U},
  adsnote = {Provided by the SAO/NASA Astrophysics Data System}
}


@INPROCEEDINGS{2008ICRC....4..335Y,
   author = {{Yamamoto}, T.},
    title = "{The UHECR spectrum measured at the Pierre Auger Observatory and its astrophysical implications}",
booktitle = {International Cosmic Ray Conference},
     year = 2008,
   series = {International Cosmic Ray Conference},
   volume = 4,
archivePrefix = "arXiv",
   eprint = {0707.2638},
    pages = {335-338},
   adsurl = {http://adsabs.harvard.edu/abs/2008ICRC....4..335Y},
  adsnote = {Provided by the SAO/NASA Astrophysics Data System}
}



@ARTICLE{2006PASJ...58..211H,
   author = {{Horiuchi}, S. and {Meier}, D.~L. and {Preston}, R.~A. and {Tingay}, S.~J.
	},
    title = "{Ten Milliparsec-Scale Structure of the Nucleus Region in Centaurus A}",
  journal = {\pasj},
   eprint = {arXiv:astro-ph/0508445},
 keywords = {galaxies: active, galaxies: individual (Centaurus A), techniques: interferometric},
     year = 2006,
    month = apr,
   volume = 58,
    pages = {211-216},
   adsurl = {http://adsabs.harvard.edu/abs/2006PASJ...58..211H},
  adsnote = {Provided by the SAO/NASA Astrophysics Data System}
}

@ARTICLE{2009ApJS..180..225H,
   author = {{Hinshaw}, G. and et al.},
    title = "{Five-Year Wilkinson Microwave Anisotropy Probe Observations: Data Processing, Sky Maps, and Basic Results}",
  journal = {\apjs},
archivePrefix = "arXiv",
   eprint = {0803.0732},
 keywords = {cosmic microwave background, cosmology: observations, early universe, dark matter, space vehicles, space vehicles: instruments, instrumentation: detectors, telescopes},
     year = 2009,
    month = feb,
   volume = 180,
    pages = {225-245},
      doi = {10.1088/0067-0049/180/2/225},
   adsurl = {http://adsabs.harvard.edu/abs/2009ApJS..180..225H},
  adsnote = {Provided by the SAO/NASA Astrophysics Data System}
}

@ARTICLE{2003ApJS..148...39P,
   author = {{Page}, L. and et al.},
    title = "{First-Year Wilkinson Microwave Anisotropy Probe (WMAP) Observations: Beam Profiles and Window Functions}",
  journal = {\apjs},
   eprint = {arXiv:astro-ph/0302214},
 keywords = {Cosmology: Cosmic Microwave Background, Cosmology: Observations, Instrumentation: Miscellaneous, Planets and Satellites: Individual: Jupiter, Telescopes},
     year = 2003,
    month = sep,
   volume = 148,
    pages = {39-50},
      doi = {10.1086/377223},
   adsurl = {http://adsabs.harvard.edu/abs/2003ApJS..148...39P},
  adsnote = {Provided by the SAO/NASA Astrophysics Data System}
}


@ARTICLE{2008JETPL..87..461G,
   author = {{Gorbunov}, D. and {Tinyakov}, P. and {Tkachev}, I. and {Troitsky}, S.
	},
    title = "{On the correlation of the highest-energy cosmic rays with nearby extragalactic objects reported by the Pierre Auger Collaboration}",
  journal = {Soviet Journal of Experimental and Theoretical Physics Letters},
archivePrefix = "arXiv",
   eprint = {0711.4060},
 keywords = {98.70.Sa},
     year = 2008,
    month = jul,
   volume = 87,
    pages = {461-463},
      doi = {10.1134/S0021364008090014},
   adsurl = {http://adsabs.harvard.edu/abs/2008JETPL..87..461G},
  adsnote = {Provided by the SAO/NASA Astrophysics Data System}
}



@ARTICLE{2009ApJ...693.1261M,
   author = {{Moskalenko}, I.~V. and {Stawarz}, L. and {Porter}, T.~A. and 
	{Cheung}, C.~C.},
    title = "{On the Possible Association of Ultra High Energy Cosmic Rays With Nearby Active Galaxies}",
  journal = {\apj},
archivePrefix = "arXiv",
   eprint = {0805.1260},
 keywords = {cosmic rays, galaxies: active, galaxies: individual: Cen A Cen B PKS 2158-380 PKS 2201+044, intergalactic medium},
     year = 2009,
    month = mar,
   volume = 693,
    pages = {1261-1274},
      doi = {10.1088/0004-637X/693/2/1261},
   adsurl = {http://adsabs.harvard.edu/abs/2009ApJ...693.1261M},
  adsnote = {Provided by the SAO/NASA Astrophysics Data System}
}

@ARTICLE{2009NJPh...11f5017K,
   author = {{Kachelrie{\ss}}, M. and {Ostapchenko}, S. and {Tom{\`a}s}, R.
	},
    title = "{High energy radiation from Centaurus A}",
  journal = {New Journal of Physics},
archivePrefix = "arXiv",
   eprint = {0805.2608},
     year = 2009,
    month = jun,
   volume = 11,
   number = 6,
      eid = {065017},
    pages = {065017},
      doi = {10.1088/1367-2630/11/6/065017},
   adsurl = {http://adsabs.harvard.edu/abs/2009NJPh...11f5017K},
  adsnote = {Provided by the SAO/NASA Astrophysics Data System}
}

@ARTICLE{1981ApJ...245..840M,
   author = {{Marshall}, F.~J. and {Clark}, G.~W.},
    title = "{Observations of the giant radio lobes region of Centaurus A with SAS 3}",
  journal = {\apj},
 keywords = {ELLIPTICAL GALAXIES, GALACTIC RADIO WAVES, GALACTIC STRUCTURE, RADIO GALAXIES, X RAY SOURCES, X RAY SPECTRA, DIFFUSE RADIATION, GALACTIC NUCLEI, HEAO 2, HIGH ENERGY ELECTRONS, INTERPLANETARY MAGNETIC FIELDS, LOBES, POINT SOURCES, RASTER SCANNING, SAS-3, SYNCHROTRON RADIATION},
     year = 1981,
    month = may,
   volume = 245,
    pages = {840-844},
      doi = {10.1086/158859},
   adsurl = {http://adsabs.harvard.edu/abs/1981ApJ...245..840M},
  adsnote = {Provided by the SAO/NASA Astrophysics Data System}
}


@ARTICLE{2010Sci...328..725A,
   author = {{Abdo}, A.~A. and et al.},
    title = "{Fermi Gamma-Ray Imaging of a Radio Galaxy}",
  journal = {Science},
archivePrefix = "arXiv",
   eprint = {1006.3986},
 primaryClass = "astro-ph.HE",
     year = 2010,
    month = may,
   volume = 328,
    pages = {725-},
      doi = {10.1126/science.1184656},
   adsurl = {http://adsabs.harvard.edu/abs/2010Sci...328..725A},
  adsnote = {Provided by the SAO/NASA Astrophysics Data System}
}

@INPROCEEDINGS{2008ICRC....4..385E,
   author = {{Engel}, R.},
    title = "{Test of hadronic interaction models with data from the Pierre Auger Observatory}",
booktitle = {International Cosmic Ray Conference},
     year = 2008,
   series = {International Cosmic Ray Conference},
   volume = 4,
archivePrefix = "arXiv",
   eprint = {0706.1921},
    pages = {385-388},
   adsurl = {http://adsabs.harvard.edu/abs/2008ICRC....4..385E},
  adsnote = {Provided by the SAO/NASA Astrophysics Data System}
}


@ARTICLE{2007Ap&SS.309..407H,
   author = {{Halzen}, F.},
    title = "{Cosmic neutrinos from he sources of galactic and extragalactic cosmic rays}",
  journal = {\apss},
   eprint = {arXiv:astro-ph/0611915},
 keywords = {Neutrino, Cosmic ray},
     year = 2007,
    month = jun,
   volume = 309,
    pages = {407-414},
      doi = {10.1007/s10509-007-9434-7},
   adsurl = {http://adsabs.harvard.edu/abs/2007Ap%26SS.309..407H},
  adsnote = {Provided by the SAO/NASA Astrophysics Data System}
}


@ARTICLE{2010ApJ...720L.155G,
   author = {{Gopal-Krishna} and {Biermann}, P.~L. and {de Souza}, V. and 
	{Wiita}, P.~J.},
    title = "{Ultra-high-energy Cosmic Rays from Centaurus A: Jet Interaction with Gaseous Shells}",
  journal = {\apjl},
archivePrefix = "arXiv",
   eprint = {1006.5022},
 primaryClass = "astro-ph.HE",
 keywords = {acceleration of particles, galaxies: individual: Cen A, galaxies: ISM, galaxies: jets, radio continuum: galaxies},
     year = 2010,
    month = sep,
   volume = 720,
    pages = {L155-L158},
      doi = {10.1088/2041-8205/720/2/L155},
   adsurl = {http://adsabs.harvard.edu/abs/2010ApJ...720L.155G},
  adsnote = {Provided by the SAO/NASA Astrophysics Data System}
}


@ARTICLE{2012arXiv1211.1974C,
   author = {{Cholis}, I. and {Hooper}, D.},
    title = "{On The Origin of IceCube's PeV Neutrinos}",
  journal = {ArXiv e-prints},
archivePrefix = "arXiv",
   eprint = {1211.1974},
 primaryClass = "astro-ph.HE",
 keywords = {Astrophysics - High Energy Astrophysical Phenomena, Astrophysics - Cosmology and Extragalactic Astrophysics, High Energy Physics - Phenomenology},
     year = 2012,
    month = nov,
   adsurl = {http://adsabs.harvard.edu/abs/2012arXiv1211.1974C},
  adsnote = {Provided by the SAO/NASA Astrophysics Data System}
}

@ARTICLE{2013arXiv1304.5356I,
   author = {{IceCube Collaboration} and {Aartsen}, M.~G. and {Abbasi}, R. and 
	{Abdou}, Y. and {Ackermann}, M. and {Adams}, J. and {Aguilar}, J.~A. and 
	{Ahlers}, M. and {Altmann}, D. and {Auffenberg}, J. and et al.},
    title = "{First observation of PeV-energy neutrinos with IceCube}",
  journal = {ArXiv e-prints},
archivePrefix = "arXiv",
   eprint = {1304.5356},
 primaryClass = "astro-ph.HE",
 keywords = {Astrophysics - High Energy Astrophysical Phenomena, Astrophysics - Cosmology and Extragalactic Astrophysics},
     year = 2013,
    month = apr,
   adsurl = {http://adsabs.harvard.edu/abs/2013arXiv1304.5356I},
  adsnote = {Provided by the SAO/NASA Astrophysics Data System}
}

@ARTICLE{1975ApJ...199L.139W,
   author = {{Winkler}, Jr., P.~F. and {White}, A.~E.},
    title = "{A sudden increase in the X-ray flux from Centaurus A}",
  journal = {\apjl},
 keywords = {GALACTIC RADIATION, RADIANT FLUX DENSITY, SPACEBORNE ASTRONOMY, X RAY ASTRONOMY, GALACTIC NUCLEI, OSO-7, SYNCHROTRON RADIATION, X RAY SPECTRA},
     year = 1975,
    month = aug,
   volume = 199,
    pages = {L139-L142},
      doi = {10.1086/181868},
   adsurl = {http://adsabs.harvard.edu/abs/1975ApJ...199L.139W},
  adsnote = {Provided by the SAO/NASA Astrophysics Data System}
}


@ARTICLE{1976ApJ...206L..45M,
   author = {{Mushotzky}, R.~F. and {Baity}, W.~A. and {Wheaton}, W.~A. and 
	{Peterson}, L.~E.},
    title = "{UCSD OSO-7 observations of the hard X-ray spectrum and variability of Centaurus A}",
  journal = {\apjl},
 keywords = {SATELLITE OBSERVATION, VARIABLE STARS, X RAY SOURCES, BREMSSTRAHLUNG, ENERGY SPECTRA, OSO-7, X RAY SPECTRA},
     year = 1976,
    month = may,
   volume = 206,
    pages = {L45-L48},
      doi = {10.1086/182129},
   adsurl = {http://adsabs.harvard.edu/abs/1976ApJ...206L..45M},
  adsnote = {Provided by the SAO/NASA Astrophysics Data System}
}

@ARTICLE{1970ApJ...161L...1B,
   author = {{Bowyer}, C.~S. and {Lampton}, M. and {Mack}, J. and {de Mendonca}, F.
	},
    title = "{Detection of X-Ray Emission from 3c 273 and NGC 5128}",
  journal = {\apjl},
     year = 1970,
    month = jul,
   volume = 161,
    pages = {L1},
      doi = {10.1086/180559},
   adsurl = {http://adsabs.harvard.edu/abs/1970ApJ...161L...1B},
  adsnote = {Provided by the SAO/NASA Astrophysics Data System}
}

@ARTICLE{1981ApJ...244..429B,
   author = {{Baity}, W.~A. and et al.},
    title = "{Centaurus A /NGC 5128/ at 2 keV-2.3 MeV - HEAO 1 observations and implications}",
  journal = {\apj},
 keywords = {COSMIC X RAYS, ENERGY SPECTRA, GALACTIC NUCLEI, HEAO 1, RADIO GALAXIES, X RAY SOURCES, ACTIVE GALAXIES, ASTRONOMICAL MODELS, BLACK HOLES (ASTRONOMY), COMPTON EFFECT, GAMMA RAY ASTRONOMY, X RAY SPECTRA},
     year = 1981,
    month = mar,
   volume = 244,
    pages = {429-435},
      doi = {10.1086/158719},
   adsurl = {http://adsabs.harvard.edu/abs/1981ApJ...244..429B},
  adsnote = {Provided by the SAO/NASA Astrophysics Data System}
}

@ARTICLE{1999APh....11..221S,
   author = {{Sreekumar}, P. and {Bertsch}, D.~L. and {Hartman}, R.~C. and 
	{Nolan}, P.~L. and {Thompson}, D.~J.},
    title = "{GeV emission from the nearby radio galaxy Centaurus A}",
  journal = {Astroparticle Physics},
   eprint = {arXiv:astro-ph/9901277},
     year = 1999,
    month = jun,
   volume = 11,
    pages = {221-223},
      doi = {10.1016/S0927-6505(99)00054-7},
   adsurl = {http://adsabs.harvard.edu/abs/1999APh....11..221S},
  adsnote = {Provided by the SAO/NASA Astrophysics Data System}
}

@ARTICLE{2001MNRAS.324L..33C,
   author = {{Chiaberge}, M. and {Capetti}, A. and {Celotti}, A.},
    title = "{The BL Lac heart of Centaurus A}",
  journal = {\mnras},
   eprint = {arXiv:astro-ph/0105159},
 keywords = {RADIATION MECHANISMS: NON-THERMAL, GALAXIES: ACTIVE, BL LACERTAE OBJECTS: GENERAL, GALAXIES: INDIVIDUAL: CENTAURUS A, GALAXIES: JETS, GALAXIES: NUCLEI},
     year = 2001,
    month = jul,
   volume = 324,
    pages = {L33-L37},
      doi = {10.1046/j.1365-8711.2001.04642.x},
   adsurl = {http://adsabs.harvard.edu/abs/2001MNRAS.324L..33C},
  adsnote = {Provided by the SAO/NASA Astrophysics Data System}
}



@ARTICLE{2012ApJ...753...40F,
   author = {{Fraija}, N. and {Gonz{\'a}lez}, M.~M. and {Perez}, M. and {Marinelli}, A.
	},
    title = "{How Many Ultra-high Energy Cosmic Rays Could we Expect from Centaurus A?}",
  journal = {\apj},
archivePrefix = "arXiv",
   eprint = {1204.4500},
 primaryClass = "astro-ph.HE",
 keywords = {galaxies: jets, galaxies: nuclei, neutrinos, radiation mechanisms: non-thermal, relativistic processes},
     year = 2012,
    month = jul,
   volume = 753,
      eid = {40},
    pages = {40},
      doi = {10.1088/0004-637X/753/1/40},
   adsurl = {http://adsabs.harvard.edu/abs/2012ApJ...753...40F},
  adsnote = {Provided by the SAO/NASA Astrophysics Data System}
}



@ARTICLE{2000PhR...333..329O,
   author = {{Olinto}, A.~V.},
    title = "{Ultra high energy cosmic rays: the theoretical challenge}",
  journal = {\physrep},
   eprint = {arXiv:astro-ph/0002006},
     year = 2000,
    month = aug,
   volume = 333,
    pages = {329-348},
      doi = {10.1016/S0370-1573(00)00028-4},
   adsurl = {http://adsabs.harvard.edu/abs/2000PhR...333..329O},
  adsnote = {Provided by the SAO/NASA Astrophysics Data System}
}

@ARTICLE{1976PhFl...19.1130B,
   author = {{Blandford}, R.~D. and {McKee}, C.~F.},
    title = "{Fluid dynamics of relativistic blast waves}",
  journal = {Physics of Fluids},
 keywords = {DETONATION WAVES, EXPLOSIONS, GAS DYNAMICS, RELATIVISTIC VELOCITY, SHOCK WAVE PROPAGATION, ADIABATIC FLOW, ENERGY SPECTRA, EQUATIONS OF MOTION, INTERPOLATION, MOMENTUM TRANSFER, SIMILARITY THEOREM},
     year = 1976,
    month = aug,
   volume = 19,
    pages = {1130-1138},
      doi = {10.1063/1.861619},
   adsurl = {http://adsabs.harvard.edu/abs/1976PhFl...19.1130B},
  adsnote = {Provided by the SAO/NASA Astrophysics Data System}
}


@ARTICLE{2003APh....20..169B,
   author = {{Bhattacharjee}, P. and {Gupta}, N.},
    title = "{The proton synchrotron model of TeV gamma ray bursts and their detectability by AMANDA/ICECUBE type detectors}",
  journal = {Astroparticle Physics},
   eprint = {arXiv:astro-ph/0211165},
     year = 2003,
    month = nov,
   volume = 20,
    pages = {169-187},
      doi = {10.1016/S0927-6505(03)00176-2},
   adsurl = {http://adsabs.harvard.edu/abs/2003APh....20..169B},
  adsnote = {Provided by the SAO/NASA Astrophysics Data System}
}

@ARTICLE{1998A&ARv...8..237I,
   author = {{Israel}, F.~P.},
    title = "{Centaurus A - NGC 5128}",
  journal = {\aapr},
   eprint = {arXiv:astro-ph/9811051},
 keywords = {Galaxies: active (11.01.2), Galaxies: individual: NGC 5128 (11.09.1), Galaxies: jets (11.10.1), Infrared: galaxies (13.09.1), Radio continuum: galaxies (13.18.1), X-rays: galaxies (13.25.2)},
     year = 1998,
   volume = 8,
    pages = {237-278},
      doi = {10.1007/s001590050011},
   adsurl = {http://adsabs.harvard.edu/abs/1998A%26ARv...8..237I},
  adsnote = {Provided by the SAO/NASA Astrophysics Data System}
}


@ARTICLE{2012PhRvD..85d3012S,
   author = {{Sahu}, S. and {Zhang}, B. and {Fraija}, N.},
    title = "{Hadronic-origin TeV {$\gamma$} rays and ultrahigh energy cosmic rays from Centaurus A}",
  journal = {\prd},
archivePrefix = "arXiv",
   eprint = {1201.4191},
 primaryClass = "astro-ph.HE",
 keywords = {gamma-ray sources; gamma-ray bursts, Active and peculiar galaxies and related systems, Cosmic rays},
     year = 2012,
    month = feb,
   volume = 85,
   number = 4,
      eid = {043012},
    pages = {043012},
      doi = {10.1103/PhysRevD.85.043012},
   adsurl = {http://adsabs.harvard.edu/abs/2012PhRvD..85d3012S},
  adsnote = {Provided by the SAO/NASA Astrophysics Data System}
}

@ARTICLE{2008arXiv0802.0887H,
   author = {{Halzen}, F. and {O'Murchadha}, A.},
    title = "{Neutrinos from Auger Sources}",
  journal = {ArXiv e-prints},
archivePrefix = "arXiv",
   eprint = {0802.0887},
 keywords = {Astrophysics},
     year = 2008,
    month = feb,
   adsurl = {http://adsabs.harvard.edu/abs/2008arXiv0802.0887H},
  adsnote = {Provided by the SAO/NASA Astrophysics Data System}
}

@ARTICLE{2008A&A...478..111L,
   author = {{Lenain}, J.-P. and {Boisson}, C. and {Sol}, H. and {Katarzy{\'n}ski}, K.
	},
    title = "{A synchrotron self-Compton scenario for the very high energy {$\gamma$}-ray emission of the radiogalaxy M 87. Unifying the TeV emission of blazars and other AGNs?}",
  journal = {\aap},
archivePrefix = "arXiv",
   eprint = {0710.2847},
 keywords = {galaxies: active, galaxies: individual: M 87, gamma rays: theory, radiation mechanisms: non-thermal},
     year = 2008,
    month = jan,
   volume = 478,
    pages = {111-120},
      doi = {10.1051/0004-6361:20077995},
   adsurl = {http://adsabs.harvard.edu/abs/2008A%26A...478..111L},
  adsnote = {Provided by the SAO/NASA Astrophysics Data System}
}

@INPROCEEDINGS{2012AIPC.1505..590Y,
   author = {{Yang}, R.-z. and {Sahakyan}, N. and {Wilhelmi}, E.~D.~O. and 
	{Aharonian}, F. and {Rieger}, F.},
    title = "{Deep observation of the giant radio lobes of Centaurus A with the Fermi large area telescope}",
booktitle = {American Institute of Physics Conference Series},
     year = 2012,
   series = {American Institute of Physics Conference Series},
   volume = 1505,
archivePrefix = "arXiv",
   eprint = {1201.1217},
 primaryClass = "astro-ph.HE",
   editor = {{Aharonian}, F.~A. and {Hofmann}, W. and {Rieger}, F.~M.},
    month = dec,
    pages = {590-593},
      doi = {10.1063/1.4772329},
   adsurl = {http://adsabs.harvard.edu/abs/2012AIPC.1505..590Y},
  adsnote = {Provided by the SAO/NASA Astrophysics Data System}
}

@ARTICLE{2013ApJ...766...73L,
   author = {{Liu}, R.-Y. and {Wang}, X.-Y.},
    title = "{Diffuse PeV Neutrinos from Gamma-Ray Bursts}",
  journal = {\apj},
archivePrefix = "arXiv",
   eprint = {1212.1260},
 primaryClass = "astro-ph.HE",
 keywords = {gamma-ray burst: general, neutrinos},
     year = 2013,
    month = apr,
   volume = 766,
      eid = {73},
    pages = {73},
      doi = {10.1088/0004-637X/766/2/73},
   adsurl = {http://adsabs.harvard.edu/abs/2013ApJ...766...73L},
  adsnote = {Provided by the SAO/NASA Astrophysics Data System}
}


@BOOK{1994hea2.book.....L,
   author = {{Longair}, M.~S.},
    title = "{High energy astrophysics. Volume 2. Stars, the Galaxy and the interstellar medium.}",
booktitle = {High energy astrophysics.~Volume 2.~Stars, the Galaxy and the interstellar medium., by Longair, M.~S..~ Cambridge University Press, Cambridge (UK), 1994, 410 p., ISBN 0-521-43439-4, Price {\pound} 45.00, US 69.95 (cloth).~ISBN 0-521-43584-6, Price {\pound} 16.95, US 34.95 (paper).},
     year = 1994,
   adsurl = {http://adsabs.harvard.edu/abs/1994hea2.book.....L},
  adsnote = {Provided by the SAO/NASA Astrophysics Data System}
}


@BOOK{1986rpa..book.....R,
   author = {{Rybicki}, G.~B. and {Lightman}, A.~P.},
    title = "{Radiative Processes in Astrophysics}",
booktitle = {Radiative Processes in Astrophysics, by George B.~Rybicki, Alan P.~Lightman, pp.~400.~ISBN 0-471-82759-2.~Wiley-VCH , June 1986.},
     year = 1986,
    month = jun,
   adsurl = {http://adsabs.harvard.edu/abs/1986rpa..book.....R},
  adsnote = {Provided by the SAO/NASA Astrophysics Data System}
}

@ARTICLE{2013ApJ...766...48S,
   author = {{Stawarz}, {\L}. and {Tanaka}, Y.~T. and {Madejski}, G. and 
	{O'Sullivan}, S.~P. and {Cheung}, C.~C. and {Feain}, I.~J. and 
	{Fukazawa}, Y. and {Gandhi}, P. and {Hardcastle}, M.~J. and 
	{Kataoka}, J. and {Ostrowski}, M. and {Reville}, B. and {Siemiginowska}, A. and 
	{Simionescu}, A. and {Takahashi}, T. and {Takei}, Y. and {Takeuchi}, Y. and 
	{Werner}, N.},
    title = "{Giant Lobes of Centaurus A Radio Galaxy Observed with the Suzaku X-Ray Satellite}",
  journal = {\apj},
archivePrefix = "arXiv",
   eprint = {1210.4237},
 primaryClass = "astro-ph.CO",
 keywords = {galaxies: active, galaxies: individual: Centaurus A, galaxies: jets, intergalactic medium, magnetic fields, X-rays: galaxies},
     year = 2013,
    month = mar,
   volume = 766,
      eid = {48},
    pages = {48},
      doi = {10.1088/0004-637X/766/1/48},
   adsurl = {http://adsabs.harvard.edu/abs/2013ApJ...766...48S},
  adsnote = {Provided by the SAO/NASA Astrophysics Data System}
}

@ARTICLE{2013ApJ...764..162O,
   author = {{O'Sullivan}, S.~P. and {Feain}, I.~J. and {McClure-Griffiths}, N.~M. and 
	{Ekers}, R.~D. and {Carretti}, E. and {Robishaw}, T. and {Mao}, S.~A. and 
	{Gaensler}, B.~M. and {Bland-Hawthorn}, J. and {Stawarz}, {\L}.
	},
    title = "{Thermal Plasma in the Giant Lobes of the Radio Galaxy Centaurus A}",
  journal = {\apj},
archivePrefix = "arXiv",
   eprint = {1301.1400},
 primaryClass = "astro-ph.CO",
 keywords = {galaxies: individual: Centaurus A (NGC 5128), galaxies: magnetic fields, radio continuum: galaxies},
     year = 2013,
    month = feb,
   volume = 764,
      eid = {162},
    pages = {162},
      doi = {10.1088/0004-637X/764/2/162},
   adsurl = {http://adsabs.harvard.edu/abs/2013ApJ...764..162O},
  adsnote = {Provided by the SAO/NASA Astrophysics Data System}
}

@ARTICLE{2011MNRAS.415..133H,
   author = {{Hardcastle}, M.~J. and {Croston}, J.~H.},
    title = "{Modelling TeV {$\gamma$}-ray emission from the kiloparsec-scale jets of Centaurus A and M87}",
  journal = {\mnras},
archivePrefix = "arXiv",
   eprint = {1103.1744},
 primaryClass = "astro-ph.HE",
 keywords = {radiation mechanisms: non-thermal, galaxies: active, gamma-rays: galaxies},
     year = 2011,
    month = jul,
   volume = 415,
    pages = {133-142},
      doi = {10.1111/j.1365-2966.2011.18678.x},
   adsurl = {http://adsabs.harvard.edu/abs/2011MNRAS.415..133H},
  adsnote = {Provided by the SAO/NASA Astrophysics Data System}
}
@ARTICLE{2013A&A...558A..19W,
   author = {{Wykes}, S. and {Croston}, J.~H. and {Hardcastle}, M.~J. and 
	{Eilek}, J.~A. and {Biermann}, P.~L. and {Achterberg}, A. and 
	{Bray}, J.~D. and {Lazarian}, A. and {Haverkorn}, M. and {Protheroe}, R.~J. and 
	{Bromberg}, O.},
    title = "{Mass entrainment and turbulence-driven acceleration of ultra-high energy cosmic rays in Centaurus A}",
  journal = {\aap},
archivePrefix = "arXiv",
   eprint = {1305.2761},
 primaryClass = "astro-ph.HE",
 keywords = {acceleration of particles, cosmic rays, galaxies: active, galaxies: individual: Centaurus A, galaxies: jets, turbulence},
     year = 2013,
    month = oct,
   volume = 558,
      eid = {A19},
    pages = {A19},
      doi = {10.1051/0004-6361/201321622},
   adsurl = {http://adsabs.harvard.edu/abs/2013A%26A...558A..19W},
  adsnote = {Provided by the SAO/NASA Astrophysics Data System}
}


@ARTICLE{2009ApJ...707..114F,
   author = {{Feain}, I.~J. and {Ekers}, R.~D. and {Murphy}, T. and {Gaensler}, B.~M. and 
	{Macquart}, J.-P. and {Norris}, R.~P. and {Cornwell}, T.~J. and 
	{Johnston-Hollitt}, M. and {Ott}, J. and {Middelberg}, E.},
    title = "{Faraday Rotation Structure on Kiloparsec Scales in the Radio Lobes of Centaurus A}",
  journal = {\apj},
archivePrefix = "arXiv",
   eprint = {0910.3458},
 primaryClass = "astro-ph.CO",
 keywords = {galaxies: individual: Centaurus A NGC 5128, techniques: interferometric, techniques: polarimetric},
     year = 2009,
    month = dec,
   volume = 707,
    pages = {114-125},
      doi = {10.1088/0004-637X/707/1/114},
   adsurl = {http://adsabs.harvard.edu/abs/2009ApJ...707..114F},
  adsnote = {Provided by the SAO/NASA Astrophysics Data System}
}

@ARTICLE{wen10,
   author = {{Wendell}, R. and 	et al.},
    title = "{Atmospheric neutrino oscillation analysis with subleading effects in Super-Kamiokande I, II, and III}",
  journal = {\prd},
archivePrefix = "arXiv",
   eprint = {1002.3471},
 primaryClass = "hep-ex",
 keywords = {Neutrino mass and mixing, Cosmic rays},
     year = 2010,
    month = may,
   volume = 81,
   number = 9,
      eid = {092004},
    pages = {092004},
      doi = {10.1103/PhysRevD.81.092004},
   adsurl = {http://adsabs.harvard.edu/abs/2010PhRvD..81i2004W},
  adsnote = {Provided by the SAO/NASA Astrophysics Data System}
}

@ARTICLE{aha11,
   author = {{Aharmim}, B. and et al.},
    title = "{Combined Analysis of all Three Phases of Solar Neutrino Data from the Sudbury Neutrino Observatory}",
  journal = {ArXiv e-prints},
archivePrefix = "arXiv",
   eprint = {1109.0763},
 primaryClass = "nucl-ex",
 keywords = {Nuclear Experiment, Astrophysics - Solar and Stellar Astrophysics, High Energy Physics - Experiment, High Energy Physics - Phenomenology},
     year = 2011,
    month = sep,
   adsurl = {http://adsabs.harvard.edu/abs/2011arXiv1109.0763S},
  adsnote = {Provided by the SAO/NASA Astrophysics Data System}
}

@ARTICLE{lea95,
   author = {{Learned}, J.~G. and {Pakvasa}, S.},
    title = "{Detecting nu\_tau oscillations at PeV energies}",
  journal = {Astroparticle Physics},
   eprint = {arXiv:hep-ph/9405296},
     year = 1995,
    month = may,
   volume = 3,
    pages = {267-274},
      doi = {10.1016/0927-6505(94)00043-3},
   adsurl = {http://adsabs.harvard.edu/abs/1995APh.....3..267L},
  adsnote = {Provided by the SAO/NASA Astrophysics Data System}
}


@ARTICLE{2009ApJ...697.1071A,
   author = {{Atwood}, W.~B. and {Abdo}, A.~A. and {Ackermann}, M. and {Althouse}, W. and 
	{Anderson}, B. and {Axelsson}, M. and {Baldini}, L. and {Ballet}, J. and 
	{Band}, D.~L. and {Barbiellini}, G. and et al.},
    title = "{The Large Area Telescope on the Fermi Gamma-Ray Space Telescope Mission}",
  journal = {\apj},
archivePrefix = "arXiv",
   eprint = {0902.1089},
 primaryClass = "astro-ph.IM",
 keywords = {cosmic rays, galaxies: active, Galaxy: general, gamma rays: observations, Sun: X-rays, gamma rays, telescopes},
     year = 2009,
    month = jun,
   volume = 697,
    pages = {1071-1102},
      doi = {10.1088/0004-637X/697/2/1071},
   adsurl = {http://adsabs.harvard.edu/abs/2009ApJ...697.1071A},
  adsnote = {Provided by the SAO/NASA Astrophysics Data System}
}




@ARTICLE{1999ApJS..123...79H,
   author = {{Hartman}, R.~C. and {Bertsch}, D.~L. and {Bloom}, S.~D. and 
	{Chen}, A.~W. and {Deines-Jones}, P. and {Esposito}, J.~A. and 
	{Fichtel}, C.~E. and {Friedlander}, D.~P. and {Hunter}, S.~D. and 
	{McDonald}, L.~M. and {Sreekumar}, P. and {Thompson}, D.~J. and 
	{Jones}, B.~B. and {Lin}, Y.~C. and {Michelson}, P.~F. and {Nolan}, P.~L. and 
	{Tompkins}, W.~F. and {Kanbach}, G. and {Mayer-Hasselwander}, H.~A. and 
	{M{\"u}cke}, A. and {Pohl}, M. and {Reimer}, O. and {Kniffen}, D.~A. and 
	{Schneid}, E.~J. and {von Montigny}, C. and {Mukherjee}, R. and 
	{Dingus}, B.~L.},
    title = "{The Third EGRET Catalog of High-Energy Gamma-Ray Sources}",
  journal = {\apjs},
 keywords = {CATALOGS, GALAXIES: ACTIVE, GAMMA RAYS: OBSERVATIONS, STARS: PULSARS: GENERAL, SUN: FLARES},
     year = 1999,
    month = jul,
   volume = 123,
    pages = {79-202},
      doi = {10.1086/313231},
   adsurl = {http://adsabs.harvard.edu/abs/1999ApJS..123...79H},
  adsnote = {Provided by the SAO/NASA Astrophysics Data System}
}



@ARTICLE{1996ApJ...461..396M,
   author = {{Mattox}, J.~R. and {Bertsch}, D.~L. and {Chiang}, J. and {Dingus}, B.~L. and 
	{Digel}, S.~W. and {Esposito}, J.~A. and {Fierro}, J.~M. and 
	{Hartman}, R.~C. and {Hunter}, S.~D. and {Kanbach}, G. and {Kniffen}, D.~A. and 
	{Lin}, Y.~C. and {Macomb}, D.~J. and {Mayer-Hasselwander}, H.~A. and 
	{Michelson}, P.~F. and {von Montigny}, C. and {Mukherjee}, R. and 
	{Nolan}, P.~L. and {Ramanamurthy}, P.~V. and {Schneid}, E. and 
	{Sreekumar}, P. and {Thompson}, D.~J. and {Willis}, T.~D.},
    title = "{The Likelihood Analysis of EGRET Data}",
  journal = {\apj},
 keywords = {GAMMA RAYS: OBSERVATIONS, METHODS: DATA ANALYSIS, METHODS: STATISTICAL},
     year = 1996,
    month = apr,
   volume = 461,
    pages = {396},
      doi = {10.1086/177068},
   adsurl = {http://adsabs.harvard.edu/abs/1996ApJ...461..396M},
  adsnote = {Provided by the SAO/NASA Astrophysics Data System}
}


@ARTICLE{1995ApJ...449L.149F,
   author = {{Feigelson}, E.~D. and {Laurent-Muehleisen}, S.~A. and {Kollgaard}, R.~I. and 
	{Fomalont}, E.~B.},
    title = "{Discovery of Inverse-Compton X-Rays in Radio Lobes}",
  journal = {\apjl},
 keywords = {GALAXIES: MAGNETIC FIELDS, RADIATION MECHANISMS: NONTHERMAL, RADIO CONTINUUM: GALAXIES, X-RAYS: GALAXIES},
     year = 1995,
    month = aug,
   volume = 449,
    pages = {L149},
      doi = {10.1086/309642},
   adsurl = {http://adsabs.harvard.edu/abs/1995ApJ...449L.149F},
  adsnote = {Provided by the SAO/NASA Astrophysics Data System}
}

@ARTICLE{2005ApJ...626..733C,
   author = {{Croston}, J.~H. and {Hardcastle}, M.~J. and {Harris}, D.~E. and 
	{Belsole}, E. and {Birkinshaw}, M. and {Worrall}, D.~M.},
    title = "{An X-Ray Study of Magnetic Field Strengths and Particle Content in the Lobes of FR II Radio Sources}",
  journal = {\apj},
   eprint = {arXiv:astro-ph/0503203},
 keywords = {Subject headins: Galaxies: Active, Galaxies: Quasars: General, Radiation Mechanisms: Nonthermal, X-Rays: Galaxies},
     year = 2005,
    month = jun,
   volume = 626,
    pages = {733-747},
      doi = {10.1086/430170},
   adsurl = {http://adsabs.harvard.edu/abs/2005ApJ...626..733C},
  adsnote = {Provided by the SAO/NASA Astrophysics Data System}
}

@ARTICLE{2005ApJ...622..797K,
   author = {{Kataoka}, J. and {Stawarz}, {\L}.},
    title = "{X-Ray Emission Properties of Large-Scale Jets, Hot Spots, and Lobes in Active Galactic Nuclei}",
  journal = {\apj},
   eprint = {arXiv:astro-ph/0411042},
 keywords = {Galaxies: Jets, Magnetic Fields, Radiation Mechanisms: Nonthermal, Radio Continuum: Galaxies},
     year = 2005,
    month = apr,
   volume = 622,
    pages = {797-810},
      doi = {10.1086/428083},
   adsurl = {http://adsabs.harvard.edu/abs/2005ApJ...622..797K},
  adsnote = {Provided by the SAO/NASA Astrophysics Data System}
}

@ARTICLE{1993A&A...269...29J,
   author = {{Junkes}, N. and {Haynes}, R.~F. and {Harnett}, J.~I. and {Jauncey}, D.~L.
	},
    title = "{Radio polarization surveys of Centaurus A (NGC 5128). I - The complete radio source at 6.3 CM}",
  journal = {\aap},
 keywords = {ASTRONOMICAL MAPS, ASTRONOMICAL POLARIMETRY, RADIO SOURCES (ASTRONOMY), RADIO TELESCOPES, CONTINUOUS RADIATION, INTERSTELLAR MAGNETIC FIELDS},
     year = 1993,
    month = mar,
   volume = 269,
    pages = {29-38},
   adsurl = {http://adsabs.harvard.edu/abs/1993A%26A...269...29J},
  adsnote = {Provided by the SAO/NASA Astrophysics Data System}
}

@ARTICLE{2000A&A...355..863A,
   author = {{Alvarez}, H. and {Aparici}, J. and {May}, J. and {Reich}, P.
	},
    title = "{The radio continuum spectrum of Centaurus A's large-scale components}",
  journal = {\aap},
 keywords = {GALAXIES: INDIVIDUAL: NGC 5128 = CEN A, GALAXIES: ACTIVE, RADIO CONTINUUM: GALAXIES},
     year = 2000,
    month = mar,
   volume = 355,
    pages = {863-872},
   adsurl = {http://adsabs.harvard.edu/abs/2000A%26A...355..863A},
  adsnote = {Provided by the SAO/NASA Astrophysics Data System}
}


@ARTICLE{1986A&A...164L..16C,
   author = {{Crusius}, A. and {Schlickeiser}, R.},
    title = "{Synchrotron radiation in random magnetic fields}",
  journal = {\aap},
 keywords = {MAGNETIC FIELD CONFIGURATIONS, SPECTRAL ENERGY DISTRIBUTION, SYNCHROTRON RADIATION, ENERGY DISTRIBUTION, MAGNETIC EFFECTS, QUADRATURES, RELATIVISTIC PARTICLES},
     year = 1986,
    month = aug,
   volume = 164,
    pages = {L16-L18},
   adsurl = {http://adsabs.harvard.edu/abs/1986A%26A...164L..16C},
  adsnote = {Provided by the SAO/NASA Astrophysics Data System}
}


@ARTICLE{1970RvMP...42..237B,
   author = {{Blumenthal}, G.~R. and {Gould}, R.~J.},
    title = "{Bremsstrahlung, Synchrotron Radiation, and Compton Scattering of High-Energy Electrons Traversing Dilute Gases}",
  journal = {Reviews of Modern Physics},
     year = 1970,
   volume = 42,
    pages = {237-271},
      doi = {10.1103/RevModPhys.42.237},
   adsurl = {http://adsabs.harvard.edu/abs/1970RvMP...42..237B},
  adsnote = {Provided by the SAO/NASA Astrophysics Data System}
}

@ARTICLE{2001ARA&A..39..249H,
   author = {{Hauser}, M.~G. and {Dwek}, E.},
    title = "{The Cosmic Infrared Background: Measurements and Implications}",
  journal = {\araa},
   eprint = {arXiv:astro-ph/0105539},
 keywords = {EXTRAGALACTIC BACKGROUND LIGHT, COSMOLOGY, COBE, GALAXY EVOLUTION, COSMIC CHEMICAL EVOLUTION, BACKGROUND FLUCTUATIONS, TEV {$\gamma$}-RAYS, INTEGRATED GALAXY LIGHT},
     year = 2001,
   volume = 39,
    pages = {249-307},
      doi = {10.1146/annurev.astro.39.1.249},
   adsurl = {http://adsabs.harvard.edu/abs/2001ARA%26A..39..249H},
  adsnote = {Provided by the SAO/NASA Astrophysics Data System}
}


@ARTICLE{2008ApJ...686L...5G,
   author = {{Georganopoulos}, M. and {Sambruna}, R.~M. and {Kazanas}, D. and 
	{Cillis}, A.~N. and {Cheung}, C.~C. and {Perlman}, E.~S. and 
	{Blundell}, K.~M. and {Davis}, D.~S.},
    title = "{A Novel Method for Measuring the Extragalactic Background Light: Fermi Application to the Lobes of Fornax A}",
  journal = {\apjl},
archivePrefix = "arXiv",
   eprint = {0808.4086},
 keywords = {Cosmology: Diffuse Radiation, Galaxies: Active, Galaxies: Quasars: General, Radiation Mechanisms: Nonthermal, X-Rays: Galaxies},
     year = 2008,
    month = oct,
   volume = 686,
    pages = {L5-L8},
      doi = {10.1086/592833},
   adsurl = {http://adsabs.harvard.edu/abs/2008ApJ...686L...5G},
  adsnote = {Provided by the SAO/NASA Astrophysics Data System}
}


Retrieved 1 abstracts, starting with number 1.  Total number selected: 1.

@ARTICLE{2008IJMPD..17.1515R,
   author = {{Raue}, M. and {Mazin}, D.},
    title = "{Optical Depth for VHE {$\gamma$}-RAYS from Distant Sources from a Generic EBL Density}",
  journal = {International Journal of Modern Physics D},
archivePrefix = "arXiv",
   eprint = {0802.0129},
 keywords = {Extragalactic background light, VHE gamma-ray attenuation},
     year = 2008,
   volume = 17,
    pages = {1515-1520},
      doi = {10.1142/S0218271808013091},
   adsurl = {http://adsabs.harvard.edu/abs/2008IJMPD..17.1515R},
  adsnote = {Provided by the SAO/NASA Astrophysics Data System}
}


@ARTICLE{2002MNRAS.332..215A,
   author = {{Aharonian}, F.~A.},
    title = "{Proton-synchrotron radiation of large-scale jets in active galactic nuclei}",
  journal = {\mnras},
   eprint = {arXiv:astro-ph/0106037},
 keywords = {radiation mechanisms: non-thermal, galaxies: active, galaxies: general, galaxies: jets},
     year = 2002,
    month = may,
   volume = 332,
    pages = {215-230},
      doi = {10.1046/j.1365-8711.2002.05292.x},
   adsurl = {http://adsabs.harvard.edu/abs/2002MNRAS.332..215A},
  adsnote = {Provided by the SAO/NASA Astrophysics Data System}
}


@ARTICLE{2000ApJ...530L..77B,
   author = {{Birk}, G.~T. and {Lesch}, H.},
    title = "{The X-Ray Emission of the Centaurus A Jet}",
  journal = {\apjl},
 keywords = {ACCELERATION OF PARTICLES, GALAXIES: ACTIVE, GALAXIES: INDIVIDUAL: NAME: CENTAURUS A, GALAXIES: JETS, X-RAYS: GALAXIES},
     year = 2000,
    month = feb,
   volume = 530,
    pages = {L77-L79},
      doi = {10.1086/312498},
   adsurl = {http://adsabs.harvard.edu/abs/2000ApJ...530L..77B},
  adsnote = {Provided by the SAO/NASA Astrophysics Data System}
}

@ARTICLE{2010MNRAS.408L..46G,
   author = {{Giannios}, D.},
    title = "{UHECRs from magnetic reconnection in relativistic jets}",
  journal = {\mnras},
archivePrefix = "arXiv",
   eprint = {1007.1522},
 primaryClass = "astro-ph.HE",
 keywords = {magnetic reconnection, galaxies: active, cosmic rays: ultra-high energies, gamma-ray burst: general},
     year = 2010,
    month = oct,
   volume = 408,
    pages = {L46-L50},
      doi = {10.1111/j.1745-3933.2010.00925.x},
   adsurl = {http://adsabs.harvard.edu/abs/2010MNRAS.408L..46G},
  adsnote = {Provided by the SAO/NASA Astrophysics Data System}
}

@article{PhysRevLett.111.121102,
  title = {TeV\char21{}PeV Neutrinos from Low-Power Gamma-Ray Burst Jets inside Stars},
  author = {Murase, Kohta and Ioka, Kunihito},
  journal = {Phys. Rev. Lett.},
  volume = {111},
  issue = {12},
  pages = {121102},
  numpages = {5},
  year = {2013},
  month = {Sep},
  doi = {10.1103/PhysRevLett.111.121102},
  url = {http://link.aps.org/doi/10.1103/PhysRevLett.111.121102},
  publisher = {American Physical Society}
}

@ARTICLE{2013arXiv1307.7596R,
   author = {{Razzaque}, S.},
    title = "{Long-lived PeV-EeV Neutrinos from GRB Blastwave}",
  journal = {ArXiv e-prints},
archivePrefix = "arXiv",
   eprint = {1307.7596},
 primaryClass = "astro-ph.HE",
 keywords = {Astrophysics - High Energy Astrophysical Phenomena, High Energy Physics - Experiment, High Energy Physics - Phenomenology},
     year = 2013,
    month = jul,
   adsurl = {http://adsabs.harvard.edu/abs/2013arXiv1307.7596R},
  adsnote = {Provided by the SAO/NASA Astrophysics Data System}
}

@ARTICLE{2013arXiv1310.7061F,
   author = {{Fraija}, N.},
    title = "{GeV - PeV Neutrino Production and Oscillation in hidden jets from GRBs}",
  journal = {ArXiv e-prints},
archivePrefix = "arXiv",
   eprint = {1310.7061},
 primaryClass = "astro-ph.HE",
 keywords = {Astrophysics - High Energy Astrophysical Phenomena},
     year = 2013,
    month = oct,
   adsurl = {http://adsabs.harvard.edu/abs/2013arXiv1310.7061F},
  adsnote = {Provided by the SAO/NASA Astrophysics Data System}
}

@ARTICLE{1997NIMPA.389...81B,
   author = {{Brun}, R. and {Rademakers}, F.},
    title = "{ROOT - An object oriented data analysis framework}",
  journal = {Nuclear Instruments and Methods in Physics Research A},
     year = 1997,
    month = feb,
   volume = 389,
    pages = {81-86},
      doi = {10.1016/S0168-9002(97)00048-X},
   adsurl = {http://adsabs.harvard.edu/abs/1997NIMPA.389...81B},
  adsnote = {Provided by the SAO/NASA Astrophysics Data System}
}

@INBOOK{2013avhe.book..225D,
   author = {{Dermer}, C.~D.},
    title = "{Sources of GeV Photons and the Fermi Results}",
 keywords = {Physics},
booktitle = {Astrophysics at Very High Energies, Saas-Fee Advanced Course, Volume 40.~ISBN 978-3-642-36133-3.~Springer-Verlag Berlin Heidelberg, 2013, p.~225},
     year = 2013,
   editor = {{Aharonian}, F. and {Bergstr{\"o}m}, L. and {Dermer}, C.},
    pages = {225},
      doi = {10.1007/978-3-642-36134-0_3},
   adsurl = {http://adsabs.harvard.edu/abs/2013avhe.book..225D},
  adsnote = {Provided by the SAO/NASA Astrophysics Data System}
}

@ARTICLE{2012Natur.484..351A,
   author = {{Abbasi}, R. and {Abdou}, Y. and {Abu-Zayyad}, T. and {Ackermann}, M. and 
	{Adams}, J. and {Aguilar}, J.~A. and {Ahlers}, M. and {Altmann}, D. and 
	{Andeen}, K. and {Auffenberg}, J. and et al.},
    title = "{An absence of neutrinos associated with cosmic-ray acceleration in {$\gamma$}-ray bursts}",
  journal = {\nat},
archivePrefix = "arXiv",
   eprint = {1204.4219},
 primaryClass = "astro-ph.HE",
     year = 2012,
    month = apr,
   volume = 484,
    pages = {351-354},
      doi = {10.1038/nature11068},
   adsurl = {http://adsabs.harvard.edu/abs/2012Natur.484..351A},
  adsnote = {Provided by the SAO/NASA Astrophysics Data System}
}

@ARTICLE{2006MNRAS.368L..15H,
   author = {{Hardcastle}, M.~J. and {Kraft}, R.~P. and {Worrall}, D.~M.},
    title = "{The infrared jet in Centaurus A: multiwavelength constraints on emission mechanisms and particle acceleration}",
  journal = {\mnras},
   eprint = {astro-ph/0601421},
 keywords = {galaxies: active, galaxies: individual: Centaurus A, galaxies: jets},
     year = 2006,
    month = may,
   volume = 368,
    pages = {L15-L19},
      doi = {10.1111/j.1745-3933.2006.00146.x},
   adsurl = {http://adsabs.harvard.edu/abs/2006MNRAS.368L..15H},
  adsnote = {Provided by the SAO/NASA Astrophysics Data System}
}


@ARTICLE{2001MNRAS.326.1499H,
   author = {{Hardcastle}, M.~J. and {Birkinshaw}, M. and {Worrall}, D.~M.
	},
    title = "{Chandra observations of the X-ray jet in 3C 66B}",
  journal = {\mnras},
   eprint = {astro-ph/0106029},
 keywords = {radiation mechanisms: non-thermal, galaxies: active, galaxies: individual: 3C 66B, X-rays: galaxies},
     year = 2001,
    month = oct,
   volume = 326,
    pages = {1499-1507},
      doi = {10.1111/j.1365-8711.2001.04699.x},
   adsurl = {http://adsabs.harvard.edu/abs/2001MNRAS.326.1499H},
  adsnote = {Provided by the SAO/NASA Astrophysics Data System}
}


@ARTICLE{2007ApJ...670L..81H,
   author = {{Hardcastle}, M.~J. and {Kraft}, R.~P. and {Sivakoff}, G.~R. and 
	{Goodger}, J.~L. and {Croston}, J.~H. and {Jord{\'a}n}, A. and 
	{Evans}, D.~A. and {Worrall}, D.~M. and {Birkinshaw}, M. and 
	{Raychaudhury}, S. and {Brassington}, N.~J. and {Forman}, W.~R. and 
	{Harris}, W.~E. and {Jones}, C. and {Juett}, A.~M. and {Murray}, S.~S. and 
	{Nulsen}, P.~E.~J. and {Sarazin}, C.~L. and {Woodley}, K.~A.
	},
    title = "{New Results on Particle Acceleration in the Centaurus A Jet and Counterjet from a Deep Chandra Observation}",
  journal = {\apjl},
archivePrefix = "arXiv",
   eprint = {0710.1277},
 keywords = {Galaxies: Active, Galaxies: Individual: Name: Centaurus A, Galaxies: Jets, X-Rays: Galaxies},
     year = 2007,
    month = dec,
   volume = 670,
    pages = {L81-L84},
      doi = {10.1086/524197},
   adsurl = {http://adsabs.harvard.edu/abs/2007ApJ...670L..81H},
  adsnote = {Provided by the SAO/NASA Astrophysics Data System}
}


@ARTICLE{2003ApJ...593..169H,
   author = {{Hardcastle}, M.~J. and {Worrall}, D.~M. and {Kraft}, R.~P. and 
	{Forman}, W.~R. and {Jones}, C. and {Murray}, S.~S.},
    title = "{Radio and X-Ray Observations of the Jet in Centaurus A}",
  journal = {\apj},
   eprint = {astro-ph/0304443},
 keywords = {Galaxies: Active, Galaxies: Individual: Name: Centaurus A, Galaxies: Individual: NGC Number: NGC 5128, Galaxies: Nuclei, Radio Continuum: Galaxies, X-Rays: Galaxies},
     year = 2003,
    month = aug,
   volume = 593,
    pages = {169-183},
      doi = {10.1086/376519},
   adsurl = {http://adsabs.harvard.edu/abs/2003ApJ...593..169H},
  adsnote = {Provided by the SAO/NASA Astrophysics Data System}
}


@ARTICLE{1998AJ....115..960T,
   author = {{Tingay}, S.~J. and {Jauncey}, D.~L. and {Reynolds}, J.~E. and 
	{Tzioumis}, A.~K. and {King}, E.~A. and {Preston}, R.~A. and 
	{Jones}, D.~L. and {Murphy}, D.~W. and {Meier}, D.~L. and {van Ommen}, T.~D. and 
	{McCulloch}, P.~M. and {Ellingsen}, S.~P. and {Costa}, M.~E. and 
	{Edwards}, P.~G. and {Lovell}, J.~E.~J. and {Nicolson}, G.~D. and 
	{Quick}, J.~F.~H. and {Kemball}, A.~J. and {Migenes}, V. and 
	{Harbison}, P. and {Jones}, P.~A. and {White}, G.~L. and {Gough}, R.~G. and 
	{Ferris}, R.~H. and {Sinclair}, M.~W. and {Clay}, R.~W.},
    title = "{The Subparsec-Scale Structure and Evolution of Centaurus A: The Nearest Active Radio Galaxy}",
  journal = {\aj},
 keywords = {TECHNIQUES: INTERFEROMETRIC, GALAXIES: ACTIVE, GALAXIES: INDIVIDUAL: NGC5128},
     year = 1998,
    month = mar,
   volume = 115,
    pages = {960-974},
      doi = {10.1086/300257},
   adsurl = {http://adsabs.harvard.edu/abs/1998AJ....115..960T},
  adsnote = {Provided by the SAO/NASA Astrophysics Data System}
}

@ARTICLE{2009ApJ...698.2036K,
   author = {{Kraft}, R.~P. and {Forman}, W.~R. and {Hardcastle}, M.~J. and 
	{Birkinshaw}, M. and {Croston}, J.~H. and {Jones}, C. and {Nulsen}, P.~E.~J. and 
	{Worrall}, D.~M. and {Murray}, S.~S.},
    title = "{The Jet Heated X-Ray Filament in the Centaurus A Northern Middle Radio Lobe}",
  journal = {\apj},
archivePrefix = "arXiv",
   eprint = {0903.2663},
 primaryClass = "astro-ph.HE",
 keywords = {hydrodynamics, galaxies: individual: Centaurus A NGC 5128, galaxies: jets, X-rays: galaxies},
     year = 2009,
    month = jun,
   volume = 698,
    pages = {2036-2047},
      doi = {10.1088/0004-637X/698/2/2036},
   adsurl = {http://adsabs.harvard.edu/abs/2009ApJ...698.2036K},
  adsnote = {Provided by the SAO/NASA Astrophysics Data System}
}



@ARTICLE{1984ARA&A..22..425H,
   author = {{Hillas}, A.~M.},
    title = "{The Origin of Ultra-High-Energy Cosmic Rays}",
  journal = {\araa},
     year = 1984,
   volume = 22,
    pages = {425-444},
      doi = {10.1146/annurev.aa.22.090184.002233},
   adsurl = {http://adsabs.harvard.edu/abs/1984ARA%26A..22..425H},
  adsnote = {Provided by the SAO/NASA Astrophysics Data System}
}


@article{IceCube Collaboration22112013,
author = {IceCube Collaboration}, 
title = {Evidence for High-Energy Extraterrestrial Neutrinos at the IceCube Detector},
volume = {342}, 
number = {6161}, 
year = {2013}, 
doi = {10.1126/science.1242856}, 
abstract ={We report on results of an all-sky search for high-energy neutrino events interacting within the IceCube neutrino detector conducted between May 2010 and May 2012. The search follows up on the previous detection of two PeV neutrino events, with improved sensitivity and extended energy coverage down to about 30 TeV. Twenty-six additional events were observed, substantially more than expected from atmospheric backgrounds. Combined, both searches reject a purely atmospheric origin for the 28 events at the 4σ level. These 28 events, which include the highest energy neutrinos ever observed, have flavors, directions, and energies inconsistent with those expected from the atmospheric muon and neutrino backgrounds. These properties are, however, consistent with generic predictions for an additional component of extraterrestrial origin.}, 
URL = {http://www.sciencemag.org/content/342/6161/1242856.abstract}, 
eprint = {http://www.sciencemag.org/content/342/6161/1242856.full.pdf}, 
journal = {Science} 
}



%%%%%%%%%%%%%%%%%%%%%%%%%%%%%%%%%%%%%%%%%%%
%refs del nuevo artículo sobre NGC 1275%%%%
%%%%%%%%%%%%%%%%%%%%%%%%%%%%%%%%%%%%%%%%%%%

Query Results from the ADS Database


Retrieved 27 abstracts, starting with number 1.  Total number selected: 27.

@ARTICLE{2013arXiv1305.5147T,
   author = {{The MAGIC Collaboration} and {Aleksi{\'c}}, J. and {Antonelli}, L.~A. and 
	{Antoranz}, P. and {Babic}, A. and {Barres de Almeida}, U. and 
	{Barrio}, J.~A. and {Becerra Gonz{\'a}lez}, J. and {Bednarek}, W. and 
	{Berger}, K. and {Bernardini}, E. and {Biland}, A. and {Blanch}, O. and 
	{Bock}, R.~K. and {Boller}, A. and {Bonnefoy}, S. and {Bonnoli}, G. and 
	{Borla Tridon}, D. and {Borracci}, F. and {Bretz}, T. and {Carmona}, E. and 
	{Carosi}, A. and {Carreto Fidalgo}, D. and {Colin}, P. and {Colombo}, E. and 
	{Contreras}, J.~L. and {Cortina}, J. and {Cossio}, L. and {Covino}, S. and 
	{Da Vela}, P. and {Dazzi}, F. and {De Angelis}, A. and {De Caneva}, G. and 
	{Delgado Mendez}, C. and {De Lotto}, B. and {Doert}, M. and 
	{Dom{\'{\i}}nguez}, A. and {Dominis Prester}, D. and {Dorner}, D. and 
	{Doro}, M. and {Eisenacher}, D. and {Elsaesser}, D. and {Farina}, E. and 
	{Ferenc}, D. and {Fonseca}, M.~V. and {Font}, L. and {Fruck}, C. and 
	{Garc{\'{\i}}a L{\'o}pez}, R.~J. and {Garczarczyk}, M. and {Garrido Terrats}, D. and 
	{Gaug}, M. and {Giavitto}, G. and {Godinovi{\'c}}, N. and {Gonz{\'a}lez Mu{\~n}oz}, A. and 
	{Gozzini}, S.~R. and {Hadamek}, A. and {Hadasch}, D. and {H{\"a}fner}, D. and 
	{Herrero}, A. and {Hose}, J. and {Hrupec}, D. and {Idec}, W. and 
	{Kadenius}, V. and {Knoetig}, M.~L. and {Kr{\"a}henb{\"u}hl}, T. and 
	{Krause}, J. and {Kushida}, J. and {La Barbera}, A. and {Lelas}, D. and 
	{Lewandowska}, N. and {Lindfors}, E. and {Lombardi}, S. and 
	{L{\'o}pez-Coto}, R. and {L{\'o}pez}, M. and {L{\'o}pez-Oramas}, A. and 
	{Lorenz}, E. and {Lozano}, I. and {Makariev}, M. and {Mallot}, K. and 
	{Maneva}, G. and {Mankuzhiyil}, N. and {Mannheim}, K. and {Maraschi}, L. and 
	{Marcote}, B. and {Mariotti}, M. and {Mart{\'{\i}}nez}, M. and 
	{Masbou}, J. and {Mazin}, D. and {Meucci}, M. and {Miranda}, J.~M. and 
	{Mirzoyan}, R. and {Mold{\'o}n}, J. and {Moralejo}, A. and {Munar-Adrover}, P. and 
	{Nakajima}, D. and {Niedzwiecki}, A. and {Nilsson}, K. and {Nowak}, N. and 
	{Orito}, R. and {Overkemping}, A. and {Paiano}, S. and {Palatiello}, M. and 
	{Paneque}, D. and {Paoletti}, R. and {Paredes}, J.~M. and {Partini}, S. and 
	{Persic}, M. and {Prada}, F. and {Prada Moroni}, P.~G. and {Prandini}, E. and 
	{Preziuso}, S. and {Puljak}, I. and {Reichardt}, I. and {Reinthal}, R. and 
	{Rhode}, W. and {Rib{\'o}}, M. and {Rico}, J. and {R{\"u}gamer}, S. and 
	{Saggion}, A. and {Saito}, K. and {Saito}, T.~Y. and {Salvati}, M. and 
	{Satalecka}, K. and {Scalzotto}, V. and {Scapin}, V. and {Schultz}, C. and 
	{Schweizer}, T. and {Shore}, S.~N. and {Sillanp{\"a}{\"a}}, A. and 
	{Sitarek}, J. and {Snidaric}, I. and {Sobczynska}, D. and {Spanier}, F. and 
	{Spiro}, S. and {Stamatescu}, V. and {Stamerra}, A. and {Steinke}, B. and 
	{Storz}, J. and {Sun}, S. and {Suri{\'c}}, T. and {Takalo}, L. and 
	{Takami}, H. and {Tavecchio}, F. and {Temnikov}, P. and {Terzi{\'c}}, T. and 
	{Tescaro}, D. and {Teshima}, M. and {Thaele}, J. and {Tibolla}, O. and 
	{Torres}, D.~F. and {Toyama}, T. and {Treves}, A. and {Uellenbeck}, M. and 
	{Vogler}, P. and {Wagner}, R.~M. and {Weitzel}, Q. and {Zandanel}, F. and 
	{Zanin}, R. and {Dauser}, T. and {Fortin}, P. and {Kadler}, M. and 
	{Krau{\ss}}, F. and {Wilbert}, S. and {Wilms}, J. and {-Karl-Remeis-Observatory}, D. and 
	{Centre for Astroparticle Physics}, E. and {Bamberg}, 9. and 
	{Germany} and {Whipple Observatory}, F.~L. and {Center for Astrophysics}, H.-S. and 
	{Amado} and {85645}, A. and {USA)}},
    title = "{Rapid and multi-band variability of the TeV-bright active nucleus of the galaxy IC 310}",
  journal = {ArXiv e-prints},
archivePrefix = "arXiv",
   eprint = {1305.5147},
 primaryClass = "astro-ph.HE",
 keywords = {Astrophysics - High Energy Astrophysical Phenomena},
     year = 2013,
    month = may,
   adsurl = {http://adsabs.harvard.edu/abs/2013arXiv1305.5147T},
  adsnote = {Provided by the SAO/NASA Astrophysics Data System}
}

@ARTICLE{2012MNRAS.423L.122N,
   author = {{Nagai}, H. and {Orienti}, M. and {Kino}, M. and {Suzuki}, K. and 
	{Giovannini}, G. and {Doi}, A. and {Asada}, K. and {Giroletti}, M. and 
	{Kataoka}, J. and {D'Ammando}, F. and {Inoue}, M. and {L{\"a}hteenm{\"a}ki}, A. and 
	{Tornikoski}, M. and {Le{\'o}n-Tavares}, J. and {Kameno}, S. and 
	{Bach}, U.},
    title = "{VLBI and single-dish monitoring of 3C 84 for the period 2009-2011}",
  journal = {\mnras},
archivePrefix = "arXiv",
   eprint = {1204.1392},
 primaryClass = "astro-ph.HE",
 keywords = {galaxies: active, galaxies: individual: NGC 1275, galaxies: individual: 3C 84, galaxies: jets, radio continuum: galaxies},
     year = 2012,
    month = jun,
   volume = 423,
    pages = {L122-L126},
      doi = {10.1111/j.1745-3933.2012.01269.x},
   adsurl = {http://adsabs.harvard.edu/abs/2012MNRAS.423L.122N},
  adsnote = {Provided by the SAO/NASA Astrophysics Data System}
}

@ARTICLE{2012A&A...539L...2A,
   author = {{Aleksi{\'c}}, J. and {Alvarez}, E.~A. and {Antonelli}, L.~A. and 
	{Antoranz}, P. and {Asensio}, M. and {Backes}, M. and {Barres de Almeida}, U. and 
	{Barrio}, J.~A. and {Bastieri}, D. and {Becerra Gonz{\'a}lez}, J. and 
	{Bednarek}, W. and {Berger}, K. and {Bernardini}, E. and {Biland}, A. and 
	{Blanch}, O. and {Bock}, R.~K. and {Boller}, A. and {Bonnoli}, G. and 
	{Borla Tridon}, D. and {Bretz}, T. and {Ca{\~n}ellas}, A. and 
	{Carmona}, E. and {Carosi}, A. and {Colin}, P. and {Colombo}, E. and 
	{Contreras}, J.~L. and {Cortina}, J. and {Cossio}, L. and {Covino}, S. and 
	{da Vela}, P. and {Dazzi}, F. and {de Angelis}, A. and {de Caneva}, G. and 
	{de Cea Del Pozo}, E. and {de Lotto}, B. and {Delgado Mendez}, C. and 
	{Diago Ortega}, A. and {Doert}, M. and {Dom{\'{\i}}nguez}, A. and 
	{Dominis Prester}, D. and {Dorner}, D. and {Doro}, M. and {Eisenacher}, D. and 
	{Elsaesser}, D. and {Ferenc}, D. and {Fonseca}, M.~V. and {Font}, L. and 
	{Fruck}, C. and {Garc{\'{\i}}a L{\'o}pez}, R.~J. and {Garczarczyk}, M. and 
	{Garrido}, D. and {Giavitto}, G. and {Godinovi{\'c}}, N. and 
	{Gozzini}, S.~R. and {Hadasch}, D. and {H{\"a}fner}, D. and 
	{Herrero}, A. and {Hildebrand}, D. and {H{\"o}hne-M{\"o}nch}, D. and 
	{Hose}, J. and {Hrupec}, D. and {Huber}, B. and {Jogler}, T. and 
	{Kadenius}, V. and {Kellermann}, H. and {Klepser}, S. and {Kr{\"a}henb{\"u}hl}, T. and 
	{Krause}, J. and {La Barbera}, A. and {Lelas}, D. and {Leonardo}, E. and 
	{Lewandowska}, N. and {Lindfors}, E. and {Lombardi}, S. and 
	{L{\'o}pez}, M. and {L{\'o}pez-Coto}, R. and {L{\'o}pez-Oramas}, A. and 
	{Lorenz}, E. and {Makariev}, M. and {Maneva}, G. and {Mankuzhiyil}, N. and 
	{Mannheim}, K. and {Maraschi}, L. and {Mariotti}, M. and {Mart{\'{\i}}nez}, M. and 
	{Mazin}, D. and {Meucci}, M. and {Miranda}, J.~M. and {Mirzoyan}, R. and 
	{Mold{\'o}n}, J. and {Moralejo}, A. and {Munar-Adrover}, P. and 
	{Niedzwiecki}, A. and {Nieto}, D. and {Nilsson}, K. and {Nowak}, N. and 
	{Orito}, R. and {Paiano}, S. and {Paneque}, D. and {Paoletti}, R. and 
	{Pardo}, S. and {Paredes}, J.~M. and {Partini}, S. and {Perez-Torres}, M.~A. and 
	{Persic}, M. and {Peruzzo}, L. and {Pilia}, M. and {Pochon}, J. and 
	{Prada}, F. and {Prada Moroni}, P.~G. and {Prandini}, E. and 
	{Puerto Gimenez}, I. and {Puljak}, I. and {Reichardt}, I. and 
	{Reinthal}, R. and {Rhode}, W. and {Rib{\'o}}, M. and {Rico}, J. and 
	{R{\"u}gamer}, S. and {Saggion}, A. and {Saito}, K. and {Saito}, T.~Y. and 
	{Salvati}, M. and {Satalecka}, K. and {Scalzotto}, V. and {Scapin}, V. and 
	{Schultz}, C. and {Schweizer}, T. and {Shayduk}, M. and {Shore}, S.~N. and 
	{Sillanp{\"a}{\"a}}, A. and {Sitarek}, J. and {Snidaric}, I. and 
	{Sobczynska}, D. and {Spanier}, F. and {Spiro}, S. and {Stamatescu}, V. and 
	{Stamerra}, A. and {Steinke}, B. and {Storz}, J. and {Strah}, N. and 
	{Sun}, S. and {Suri{\'c}}, T. and {Takalo}, L. and {Takami}, H. and 
	{Tavecchio}, F. and {Temnikov}, P. and {Terzi{\'c}}, T. and 
	{Tescaro}, D. and {Teshima}, M. and {Tibolla}, O. and {Torres}, D.~F. and 
	{Treves}, A. and {Uellenbeck}, M. and {Vogler}, P. and {Wagner}, R.~M. and 
	{Weitzel}, Q. and {Zabalza}, V. and {Zandanel}, F. and {Zanin}, R. and 
	{Pfrommer}, C. and {Pinzke}, A.},
    title = "{Detection of very-high energy {$\gamma$}-ray emission from <ASTROBJ>NGC 1275</ASTROBJ> by the MAGIC telescopes}",
  journal = {\aap},
archivePrefix = "arXiv",
   eprint = {1112.3917},
 primaryClass = "astro-ph.HE",
 keywords = {galaxies: active, galaxies: jets, galaxies: individual: NGC 1275, gamma rays: galaxies, galaxies: individual: IC310},
     year = 2012,
    month = mar,
   volume = 539,
      eid = {L2},
    pages = {L2},
      doi = {10.1051/0004-6361/201118668},
   adsurl = {http://adsabs.harvard.edu/abs/2012A%26A...539L...2A},
  adsnote = {Provided by the SAO/NASA Astrophysics Data System}
}

@ARTICLE{2011MNRAS.413.2785B,
   author = {{Brown}, A.~M. and {Adams}, J.},
    title = "{High-energy {$\gamma$}-ray properties of the Fanaroff-Riley type I radio galaxy NGC 1275}",
  journal = {\mnras},
archivePrefix = "arXiv",
   eprint = {1101.2687},
 primaryClass = "astro-ph.HE",
 keywords = {galaxies: active, galaxies: individual: NGC 1275, galaxies: jets, gamma-rays: galaxies},
     year = 2011,
    month = jun,
   volume = 413,
    pages = {2785-2790},
      doi = {10.1111/j.1365-2966.2011.18351.x},
   adsurl = {http://adsabs.harvard.edu/abs/2011MNRAS.413.2785B},
  adsnote = {Provided by the SAO/NASA Astrophysics Data System}
}

@ARTICLE{2010ApJ...723L.207A,
   author = {{Aleksi{\'c}}, J. and {Antonelli}, L.~A. and {Antoranz}, P. and 
	{Backes}, M. and {Barrio}, J.~A. and {Bastieri}, D. and {Becerra Gonz{\'a}lez}, J. and 
	{Bednarek}, W. and {Berdyugin}, A. and {Berger}, K. and {Bernardini}, E. and 
	{Biland}, A. and {Blanch}, O. and {Bock}, R.~K. and {Boller}, A. and 
	{Bonnoli}, G. and {Bordas}, P. and {Borla Tridon}, D. and {Bosch-Ramon}, V. and 
	{Bose}, D. and {Braun}, I. and {Bretz}, T. and {Camara}, M. and 
	{Ca{\~n}ellas}, A. and {Carmona}, E. and {Carosi}, A. and {Colin}, P. and 
	{Colombo}, E. and {Contreras}, J.~L. and {Cortina}, J. and {Cossio}, L. and 
	{Covino}, S. and {Dazzi}, F. and {De Angelis}, A. and {De Cea del Pozo}, E. and 
	{De Lotto}, B. and {De Maria}, M. and {De Sabata}, F. and {Delgado Mendez}, C. and 
	{Diago Ortega}, A. and {Doert}, M. and {Dom{\'{\i}}nguez}, A. and 
	{Dominis Prester}, D. and {Dorner}, D. and {Doro}, M. and {Elsaesser}, D. and 
	{Errando}, M. and {Ferenc}, D. and {Fonseca}, M.~V. and {Font}, L. and 
	{Garc{\'{\i}}a L{\'o}pez}, R.~J. and {Garczarczyk}, M. and {Giavitto}, G. and 
	{Godinovi{\'c}}, N. and {Hadasch}, D. and {Herrero}, A. and 
	{Hildebrand}, D. and {H{\"o}hne-M{\"o}nch}, D. and {Hose}, J. and 
	{Hrupec}, D. and {Jogler}, T. and {Klepser}, S. and {Kr{\"a}henb{\"u}hl}, T. and 
	{Kranich}, D. and {Krause}, J. and {La Barbera}, A. and {Leonardo}, E. and 
	{Lindfors}, E. and {Lombardi}, S. and {Longo}, F. and {L{\'o}pez}, M. and 
	{Lorenz}, E. and {Majumdar}, P. and {Makariev}, M. and {Maneva}, G. and 
	{Mankuzhiyil}, N. and {Mannheim}, K. and {Maraschi}, L. and 
	{Mariotti}, M. and {Mart{\'{\i}}nez}, M. and {Mazin}, D. and 
	{Meucci}, M. and {Miranda}, J.~M. and {Mirzoyan}, R. and {Miyamoto}, H. and 
	{Mold{\'o}n}, J. and {Moralejo}, A. and {Nieto}, D. and {Nilsson}, K. and 
	{Orito}, R. and {Oya}, I. and {Paoletti}, R. and {Paredes}, J.~M. and 
	{Partini}, S. and {Pasanen}, M. and {Pauss}, F. and {Pegna}, R.~G. and 
	{Perez-Torres}, M.~A. and {Persic}, M. and {Peruzzo}, L. and 
	{Pochon}, J. and {Prada}, F. and {Prada Moroni}, P.~G. and {Prandini}, E. and 
	{Puchades}, N. and {Puljak}, I. and {Reichardt}, I. and {Reinthal}, R. and 
	{Rhode}, W. and {Rib{\'o}}, M. and {Rico}, J. and {R{\"u}gamer}, S. and 
	{Saggion}, A. and {Saito}, K. and {Saito}, T.~Y. and {Salvati}, M. and 
	{S{\'a}nchez-Conde}, M. and {Satalecka}, K. and {Scalzotto}, V. and 
	{Scapin}, V. and {Schultz}, C. and {Schweizer}, T. and {Shayduk}, M. and 
	{Shore}, S.~N. and {Sierpowska-Bartosik}, A. and {Sillanp{\"a}{\"a}}, A. and 
	{Sitarek}, J. and {Sobczynska}, D. and {Spanier}, F. and {Spiro}, S. and 
	{Stamerra}, A. and {Steinke}, B. and {Storz}, J. and {Strah}, N. and 
	{Struebig}, J.~C. and {Suric}, T. and {Takalo}, L. and {Tavecchio}, F. and 
	{Temnikov}, P. and {Terzi{\'c}}, T. and {Tescaro}, D. and {Teshima}, M. and 
	{Torres}, D.~F. and {Vankov}, H. and {Wagner}, R.~M. and {Weitzel}, Q. and 
	{Zabalza}, V. and {Zandanel}, F. and {Zanin}, R. and {Neronov}, A. and 
	{Pfrommer}, C. and {Pinzke}, A. and {Semikoz}, D.~V. and {MAGIC Collaboration}
	},
    title = "{Detection of Very High Energy {$\gamma$}-ray Emission from the Perseus Cluster Head-Tail Galaxy IC 310 by the MAGIC Telescopes}",
  journal = {\apjl},
archivePrefix = "arXiv",
   eprint = {1009.2155},
 primaryClass = "astro-ph.HE",
 keywords = {galaxies: active, galaxies: individual: IC 310, gamma rays: galaxies},
     year = 2010,
    month = nov,
   volume = 723,
    pages = {L207-L212},
      doi = {10.1088/2041-8205/723/2/L207},
   adsurl = {http://adsabs.harvard.edu/abs/2010ApJ...723L.207A},
  adsnote = {Provided by the SAO/NASA Astrophysics Data System}
}

@ARTICLE{2010A&A...519A..82C,
   author = {{Colafrancesco}, S. and {Marchegiani}, P. and {Giommi}, P.},
    title = "{Disentangling the gamma-ray emission of NGC 1275 and that of the Perseus cluster}",
  journal = {\aap},
archivePrefix = "arXiv",
   eprint = {1006.2333},
 primaryClass = "astro-ph.CO",
 keywords = {galaxies: clusters: general, galaxies: clusters: individual: Perseus, gamma rays: galaxies: clusters, dark matter, cosmology: theory},
     year = 2010,
    month = sep,
   volume = 519,
      eid = {A82},
    pages = {A82},
      doi = {10.1051/0004-6361/201014393},
   adsurl = {http://adsabs.harvard.edu/abs/2010A%26A...519A..82C},
  adsnote = {Provided by the SAO/NASA Astrophysics Data System}
}

@ARTICLE{2010ApJ...715..554K,
   author = {{Kataoka}, J. and {Stawarz}, {\L}. and {Cheung}, C.~C. and {Tosti}, G. and 
	{Cavazzuti}, E. and {Celotti}, A. and {Nishino}, S. and {Fukazawa}, Y. and 
	{Thompson}, D.~J. and {McConville}, W.~F.},
    title = "{{$\gamma$}-ray Spectral Evolution of NGC 1275 Observed with Fermi Large Area Telescope}",
  journal = {\apj},
archivePrefix = "arXiv",
   eprint = {1004.2352},
 primaryClass = "astro-ph.HE",
 keywords = {galaxies: active, galaxies: individual: NGC 1275, galaxies: jets, gamma rays: general, radiation mechanisms: non-thermal},
     year = 2010,
    month = may,
   volume = 715,
    pages = {554-560},
      doi = {10.1088/0004-637X/715/1/554},
   adsurl = {http://adsabs.harvard.edu/abs/2010ApJ...715..554K},
  adsnote = {Provided by the SAO/NASA Astrophysics Data System}
}

@ARTICLE{2010PASJ...62L..11N,
   author = {{Nagai}, H. and {Suzuki}, K. and {Asada}, K. and {Kino}, M. and 
	{Kameno}, S. and {Doi}, A. and {Inoue}, M. and {Kataoka}, J. and 
	{Bach}, U. and {Hirota}, T. and {Matsumoto}, N. and {Honma}, M. and 
	{Kobayashi}, H. and {Fujisawa}, K.},
    title = "{VLBI Monitoring of 3C 84 (NGC 1275) in Early Phase of the 2005 Outburst}",
  journal = {\pasj},
archivePrefix = "arXiv",
   eprint = {1001.3852},
 primaryClass = "astro-ph.HE",
 keywords = {galaxies: active, galaxies: individual (3C 84, NGC 1275), galaxies: jets, radio continuum: galaxies},
     year = 2010,
    month = apr,
   volume = 62,
    pages = {L11},
   adsurl = {http://adsabs.harvard.edu/abs/2010PASJ...62L..11N},
  adsnote = {Provided by the SAO/NASA Astrophysics Data System}
}

@ARTICLE{2010ApJ...710..634A,
   author = {{Aleksi{\'c}}, J. and {Antonelli}, L.~A. and {Antoranz}, P. and 
	{Backes}, M. and {Baixeras}, C. and {Balestra}, S. and {Barrio}, J.~A. and 
	{Bastieri}, D. and {Becerra Gonz{\'a}lez}, J. and {Bednarek}, W. and 
	{Berdyugin}, A. and {Berger}, K. and {Bernardini}, E. and {Biland}, A. and 
	{Bock}, R.~K. and {Bonnoli}, G. and {Bordas}, P. and {Borla Tridon}, D. and 
	{Bosch-Ramon}, V. and {Bose}, D. and {Braun}, I. and {Bretz}, T. and 
	{Britzger}, D. and {Camara}, M. and {Carmona}, E. and {Carosi}, A. and 
	{Colin}, P. and {Commichau}, S. and {Contreras}, J.~L. and {Cortina}, J. and 
	{Costado}, M.~T. and {Covino}, S. and {Dazzi}, F. and {De Angelis}, A. and 
	{De Cea del Pozo}, E. and {De los Reyes}, R. and {De Lotto}, B. and 
	{De Maria}, M. and {De Sabata}, F. and {Delgado Mendez}, C. and 
	{Doert}, M. and {Dom{\'{\i}}nguez}, A. and {Dominis Prester}, D. and 
	{Dorner}, D. and {Doro}, M. and {Elsaesser}, D. and {Errando}, M. and 
	{Ferenc}, D. and {Fonseca}, M.~V. and {Font}, L. and {Galante}, N. and 
	{Garc{\'{\i}}a L{\'o}pez}, R.~J. and {Garczarczyk}, M. and {Gaug}, M. and 
	{Godinovic}, N. and {Hadasch}, D. and {Herrero}, A. and {Hildebrand}, D. and 
	{H{\"o}hne-M{\"o}nch}, D. and {Hose}, J. and {Hrupec}, D. and 
	{Hsu}, C.~C. and {Jogler}, T. and {Klepser}, S. and {Kr{\"a}henb{\"u}hl}, T. and 
	{Kranich}, D. and {La Barbera}, A. and {Laille}, A. and {Leonardo}, E. and 
	{Lindfors}, E. and {Lombardi}, S. and {Longo}, F. and {L{\'o}pez}, M. and 
	{Lorenz}, E. and {Majumdar}, P. and {Maneva}, G. and {Mankuzhiyil}, N. and 
	{Mannheim}, K. and {Maraschi}, L. and {Mariotti}, M. and {Mart{\'{\i}}nez}, M. and 
	{Mazin}, D. and {Meucci}, M. and {Miranda}, J.~M. and {Mirzoyan}, R. and 
	{Miyamoto}, H. and {Mold{\'o}n}, J. and {Moles}, M. and {Moralejo}, A. and 
	{Nieto}, D. and {Nilsson}, K. and {Ninkovic}, J. and {Orito}, R. and 
	{Oya}, I. and {Paiano}, S. and {Paoletti}, R. and {Paredes}, J.~M. and 
	{Partini}, S. and {Pasanen}, M. and {Pascoli}, D. and {Pauss}, F. and 
	{Pegna}, R.~G. and {Perez-Torres}, M.~A. and {Persic}, M. and 
	{Peruzzo}, L. and {Prada}, F. and {Prandini}, E. and {Puchades}, N. and 
	{Puljak}, I. and {Reichardt}, I. and {Rhode}, W. and {Rib{\'o}}, M. and 
	{Rico}, J. and {Rissi}, M. and {R{\"u}gamer}, S. and {Saggion}, A. and 
	{Saito}, T.~Y. and {Salvati}, M. and {S{\'a}nchez-Conde}, M.~A. and 
	{Satalecka}, K. and {Scalzotto}, V. and {Scapin}, V. and {Schultz}, C. and 
	{Schweizer}, T. and {Shayduk}, M. and {Shore}, S.~N. and {Sierpowska-Bartosik}, A. and 
	{Sillanp{\"a}{\"a}}, A. and {Sitarek}, J. and {Sobczynska}, D. and 
	{Spanier}, F. and {Spiro}, S. and {Stamerra}, A. and {Steinke}, B. and 
	{Struebig}, J.~C. and {Suric}, T. and {Takalo}, L. and {Tavecchio}, F. and 
	{Temnikov}, P. and {Terzic}, T. and {Tescaro}, D. and {Teshima}, M. and 
	{Torres}, D.~F. and {Vankov}, H. and {Wagner}, R.~M. and {Zabalza}, V. and 
	{Zandanel}, F. and {Zanin}, R. and {Zapatero}, J. and {Pfrommer}, C. and 
	{Pinzke}, A. and {En{\ss}lin}, T.~A. and {Inoue}, S. and {Ghisellini}, G. and 
	{MAGIC Collaboration}},
    title = "{MAGIC Gamma-ray Telescope Observation of the Perseus Cluster of Galaxies: Implications for Cosmic Rays, Dark Matter, and NGC 1275}",
  journal = {\apj},
archivePrefix = "arXiv",
   eprint = {0909.3267},
 primaryClass = "astro-ph.HE",
 keywords = {galaxies: clusters: individual: Perseus, gamma rays: general},
     year = 2010,
    month = feb,
   volume = 710,
    pages = {634-647},
      doi = {10.1088/0004-637X/710/1/634},
   adsurl = {http://adsabs.harvard.edu/abs/2010ApJ...710..634A},
  adsnote = {Provided by the SAO/NASA Astrophysics Data System}
}

@ARTICLE{2009ApJ...706L.275A,
   author = {{Acciari}, V.~A. and {Aliu}, E. and {Arlen}, T. and {Aune}, T. and 
	{Bautista}, M. and {Beilicke}, M. and {Benbow}, W. and {Boltuch}, D. and 
	{Bradbury}, S.~M. and {Buckley}, J.~H. and {Bugaev}, V. and 
	{Byrum}, K. and {Cannon}, A. and {Celik}, O. and {Cesarini}, A. and 
	{Ciupik}, L. and {Cogan}, P. and {Cui}, W. and {Dickherber}, R. and 
	{Duke}, C. and {Fegan}, S.~J. and {Finley}, J.~P. and {Fortin}, P. and 
	{Fortson}, L. and {Furniss}, A. and {Galante}, N. and {Gall}, D. and 
	{Gibbs}, K. and {Gillanders}, G.~H. and {Godambe}, S. and {Grube}, J. and 
	{Guenette}, R. and {Gyuk}, G. and {Hanna}, D. and {Holder}, J. and 
	{Horan}, D. and {Hui}, C.~M. and {Humensky}, T.~B. and {Imran}, A. and 
	{Kaaret}, P. and {Karlsson}, N. and {Kertzman}, M. and {Kieda}, D. and 
	{Konopelko}, A. and {Krawczynski}, H. and {Krennrich}, F. and 
	{Lang}, M.~J. and {Le Bohec}, S. and {Maier}, G. and {McCann}, A. and 
	{McCutcheon}, M. and {Millis}, J. and {Moriarty}, P. and {Mukherjee}, R. and 
	{Ong}, R.~A. and {Otte}, A.~N. and {Pandel}, D. and {Perkins}, J.~S. and 
	{Pohl}, M. and {Quinn}, J. and {Ragan}, K. and {Reynolds}, P.~T. and 
	{Roache}, E. and {Rose}, H.~J. and {Schroedter}, M. and {Sembroski}, G.~H. and 
	{Smith}, A.~W. and {Steele}, D. and {Swordy}, S.~P. and {Theiling}, M. and 
	{Toner}, J.~A. and {Varlotta}, A. and {Vassiliev}, V.~V. and 
	{Vincent}, S. and {Wagner}, R.~G. and {Wakely}, S.~P. and {Ward}, J.~E. and 
	{Weekes}, T.~C. and {Weinstein}, A. and {Weisgarber}, T. and 
	{Williams}, D.~A. and {Wissel}, S. and {Wood}, M. and {Zitzer}, B. and 
	{Kataoka}, J. and {Cavazzuti}, E. and {Cheung}, C.~C. and {Lott}, B. and 
	{Thompson}, D.~J. and {Tosti}, G.},
    title = "{VERITAS Upper Limit on the Very High Energy Emission from the Radio Galaxy NGC 1275}",
  journal = {\apjl},
archivePrefix = "arXiv",
   eprint = {0911.0740},
 primaryClass = "astro-ph.HE",
 keywords = {galaxies: individual: NGC 1275 3C 84 Perseus A, galaxies: Seyfert, gamma rays: observations},
     year = 2009,
    month = dec,
   volume = 706,
    pages = {L275-L280},
      doi = {10.1088/0004-637X/706/2/L275},
   adsurl = {http://adsabs.harvard.edu/abs/2009ApJ...706L.275A},
  adsnote = {Provided by the SAO/NASA Astrophysics Data System}
}

@ARTICLE{2009ApJ...699...31A,
   author = {{Abdo}, A.~A. and {Ackermann}, M. and {Ajello}, M. and {Asano}, K. and 
	{Baldini}, L. and {Ballet}, J. and {Barbiellini}, G. and {Bastieri}, D. and 
	{Baughman}, B.~M. and {Bechtol}, K. and {Bellazzini}, R. and 
	{Blandford}, R.~D. and {Bloom}, E.~D. and {Bonamente}, E. and 
	{Borgland}, A.~W. and {Bregeon}, J. and {Brez}, A. and {Brigida}, M. and 
	{Bruel}, P. and {Burnett}, T.~H. and {Caliandro}, G.~A. and 
	{Cameron}, R.~A. and {Caraveo}, P.~A. and {Casandjian}, J.~M. and 
	{Cavazzuti}, E. and {Cecchi}, C. and {Celotti}, A. and {Chekhtman}, A. and 
	{Cheung}, C.~C. and {Chiang}, J. and {Ciprini}, S. and {Claus}, R. and 
	{Cohen-Tanugi}, J. and {Colafrancesco}, S. and {Cominsky}, L.~R. and 
	{Conrad}, J. and {Costamante}, L. and {Dermer}, C.~D. and {de Angelis}, A. and 
	{de Palma}, F. and {Digel}, S.~W. and {Donato}, D. and {do Couto e Silva}, E. and 
	{Drell}, P.~S. and {Dubois}, R. and {Dumora}, D. and {Farnier}, C. and 
	{Favuzzi}, C. and {Finke}, J. and {Focke}, W.~B. and {Frailis}, M. and 
	{Fukazawa}, Y. and {Funk}, S. and {Fusco}, P. and {Gargano}, F. and 
	{Georganopoulos}, M. and {Germani}, S. and {Giebels}, B. and 
	{Giglietto}, N. and {Giordano}, F. and {Glanzman}, T. and {Grenier}, I.~A. and 
	{Grondin}, M.-H. and {Grove}, J.~E. and {Guillemot}, L. and 
	{Guiriec}, S. and {Hanabata}, Y. and {Harding}, A.~K. and {Hartman}, R.~C. and 
	{Hayashida}, M. and {Hays}, E. and {Hughes}, R.~E. and {J{\'o}hannesson}, G. and 
	{Johnson}, A.~S. and {Johnson}, R.~P. and {Johnson}, W.~N. and 
	{Kadler}, M. and {Kamae}, T. and {Kanai}, Y. and {Katagiri}, H. and 
	{Kataoka}, J. and {Kawai}, N. and {Kerr}, M. and {Kn{\"o}dlseder}, J. and 
	{Kuehn}, F. and {Kuss}, M. and {Latronico}, L. and {Lemoine-Goumard}, M. and 
	{Longo}, F. and {Loparco}, F. and {Lott}, B. and {Lovellette}, M.~N. and 
	{Lubrano}, P. and {Madejski}, G.~M. and {Makeev}, A. and {Mazziotta}, M.~N. and 
	{McEnery}, J.~E. and {Meurer}, C. and {Michelson}, P.~F. and 
	{Mitthumsiri}, W. and {Mizuno}, T. and {Moiseev}, A.~A. and 
	{Monte}, C. and {Monzani}, M.~E. and {Morselli}, A. and {Moskalenko}, I.~V. and 
	{Murgia}, S. and {Nakamori}, T. and {Nolan}, P.~L. and {Norris}, J.~P. and 
	{Nuss}, E. and {Ohsugi}, T. and {Omodei}, N. and {Orlando}, E. and 
	{Ormes}, J.~F. and {Paneque}, D. and {Panetta}, J.~H. and {Parent}, D. and 
	{Pepe}, M. and {Pesce-Rollins}, M. and {Piron}, F. and {Porter}, T.~A. and 
	{Rain{\`o}}, S. and {Razzano}, M. and {Reimer}, A. and {Reimer}, O. and 
	{Reposeur}, T. and {Ritz}, S. and {Rodriguez}, A.~Y. and {Romani}, R.~W. and 
	{Ryde}, F. and {Sadrozinski}, H.~F.-W. and {Sambruna}, R. and 
	{Sanchez}, D. and {Sander}, A. and {Sato}, R. and {Parkinson}, P.~M.~S. and 
	{Sgr{\`o}}, C. and {Smith}, D.~A. and {Smith}, P.~D. and {Spandre}, G. and 
	{Spinelli}, P. and {Starck}, J.-L. and {Strickman}, M.~S. and 
	{Strong}, A.~W. and {Suson}, D.~J. and {Tajima}, H. and {Takahashi}, H. and 
	{Takahashi}, T. and {Tanaka}, T. and {Taylor}, G.~B. and {Thayer}, J.~G. and 
	{Thompson}, D.~J. and {Torres}, D.~F. and {Tosti}, G. and {Uchiyama}, Y. and 
	{Usher}, T.~L. and {Vilchez}, N. and {Vitale}, V. and {Waite}, A.~P. and 
	{Wood}, K.~S. and {Ylinen}, T. and {Ziegler}, M. and {Aller}, H.~D. and 
	{Aller}, M.~F. and {Kellermann}, K.~I. and {Kovalev}, Y.~Y. and 
	{Kovalev}, Y.~A. and {Lister}, M.~L. and {Pushkarev}, A.~B.},
    title = "{Fermi Discovery of Gamma-ray Emission from NGC 1275}",
  journal = {\apj},
archivePrefix = "arXiv",
   eprint = {0904.1904},
 primaryClass = "astro-ph.HE",
 keywords = {galaxies: active, galaxies: individual: NGC 1275, galaxies: jets, gamma rays: observations, radiation mechanisms: non-thermal},
     year = 2009,
    month = jul,
   volume = 699,
    pages = {31-39},
      doi = {10.1088/0004-637X/699/1/31},
   adsurl = {http://adsabs.harvard.edu/abs/2009ApJ...699...31A},
  adsnote = {Provided by the SAO/NASA Astrophysics Data System}
}

@ARTICLE{2009A&A...495..415E,
   author = {{Eckert}, D. and {Paltani}, S.},
    title = "{INTEGRAL observations of the Perseus cluster}",
  journal = {\aap},
archivePrefix = "arXiv",
   eprint = {0812.1514},
 keywords = {galaxies: clusters: individual: Perseus cluster, X-rays: galaxies: clusters, gamma rays: observations},
     year = 2009,
    month = feb,
   volume = 495,
    pages = {415-420},
      doi = {10.1051/0004-6361:200811154},
   adsurl = {http://adsabs.harvard.edu/abs/2009A%26A...495..415E},
  adsnote = {Provided by the SAO/NASA Astrophysics Data System}
}

@ARTICLE{2006A&A...451...35B,
   author = {{Balmaverde}, B. and {Capetti}, A. and {Grandi}, P.},
    title = "{The Chandra view of the 3C/FR I sample of low luminosity radio-galaxies}",
  journal = {\aap},
   eprint = {astro-ph/0601175},
 keywords = {galaxies: active, galaxies: BL Lacertae objects: general, galaxies: nuclei, galaxies: jets},
     year = 2006,
    month = may,
   volume = 451,
    pages = {35-44},
      doi = {10.1051/0004-6361:20053799},
   adsurl = {http://adsabs.harvard.edu/abs/2006A%26A...451...35B},
  adsnote = {Provided by the SAO/NASA Astrophysics Data System}
}

@ARTICLE{2003ApJ...594L..27G,
   author = {{Georganopoulos}, M. and {Kazanas}, D.},
    title = "{Decelerating Flows in TeV Blazars: A Resolution to the BL Lacertae-FR I Unification Problem}",
  journal = {\apjl},
   eprint = {astro-ph/0307404},
 keywords = {Galaxies: Active, Galaxies: Quasars: General, Radiation Mechanisms: Nonthermal, X-Rays: Galaxies},
     year = 2003,
    month = sep,
   volume = 594,
    pages = {L27-L30},
      doi = {10.1086/378557},
   adsurl = {http://adsabs.harvard.edu/abs/2003ApJ...594L..27G},
  adsnote = {Provided by the SAO/NASA Astrophysics Data System}
}

@ARTICLE{2003ApJ...590..225C,
   author = {{Churazov}, E. and {Forman}, W. and {Jones}, C. and {B{\"o}hringer}, H.
	},
    title = "{XMM-Newton Observations of the Perseus Cluster. I. The Temperature and Surface Brightness Structure}",
  journal = {\apj},
   eprint = {astro-ph/0301482},
 keywords = {Galaxies: Cooling Flows, Galaxies: Active, Galaxies: Clusters: Individual: Name: Perseus, Galaxies: Individual: NGC Number: NGC 1275, X-Rays: Galaxies, X-Rays: Galaxies: Clusters},
     year = 2003,
    month = jun,
   volume = 590,
    pages = {225-237},
      doi = {10.1086/374923},
   adsurl = {http://adsabs.harvard.edu/abs/2003ApJ...590..225C},
  adsnote = {Provided by the SAO/NASA Astrophysics Data System}
}

@ARTICLE{2001AJ....122.2281C,
   author = {{Conselice}, C.~J. and {Gallagher}, III, J.~S. and {Wyse}, R.~F.~G.
	},
    title = "{On the Nature of the NGC 1275 System}",
  journal = {\aj},
   eprint = {astro-ph/0108019},
 keywords = {galaxies: clusters: individual (Perseus), Galaxies: Evolution, Galaxies: Formation, galaxies: individual (NGC 1275), Galaxies: Interactions},
     year = 2001,
    month = nov,
   volume = 122,
    pages = {2281-2300},
      doi = {10.1086/323534},
   adsurl = {http://adsabs.harvard.edu/abs/2001AJ....122.2281C},
  adsnote = {Provided by the SAO/NASA Astrophysics Data System}
}

@ARTICLE{2000A&A...358..104C,
   author = {{Chiaberge}, M. and {Celotti}, A. and {Capetti}, A. and {Ghisellini}, G.
	},
    title = "{Does the unification of BL Lac and FR I radio galaxies require jet velocity structures?}",
  journal = {\aap},
   eprint = {astro-ph/0003197},
 keywords = {GALAXIES: ACTIVE, GALAXIES: BL LACERTAE OBJECTS: GENERAL, GALAXIES: JETS, GALAXIES: NUCLEI},
     year = 2000,
    month = jun,
   volume = 358,
    pages = {104-112},
   adsurl = {http://adsabs.harvard.edu/abs/2000A%26A...358..104C},
  adsnote = {Provided by the SAO/NASA Astrophysics Data System}
}

@ARTICLE{1999A&A...349...77C,
   author = {{Chiaberge}, M. and {Capetti}, A. and {Celotti}, A.},
    title = "{The HST view of FR I radio galaxies: evidence for non-thermal nuclear sources}",
  journal = {\aap},
   eprint = {astro-ph/9907064},
 keywords = {GALAXIES: ACTIVE, GALAXIES: ELLIPTICAL AND LENTICULAR, CD, GALAXIES: JETS, GALAXIES: NUCLEI},
     year = 1999,
    month = sep,
   volume = 349,
    pages = {77-87},
   adsurl = {http://adsabs.harvard.edu/abs/1999A%26A...349...77C},
  adsnote = {Provided by the SAO/NASA Astrophysics Data System}
}

@ARTICLE{1998ApJ...498L.111D,
   author = {{Dhawan}, V. and {Kellermann}, K.~I. and {Romney}, J.~D.},
    title = "{Kinematics of the Nucleus of NGC 1275 (3C 84)}",
  journal = {\apjl},
 keywords = {GALAXIES: JETS, GALAXIES: ACTIVE, GALAXIES: INDIVIDUAL ALPHANUMERIC: 3C 84, RADIO CONTINUUM: GALAXIES},
     year = 1998,
    month = may,
   volume = 498,
    pages = {L111},
      doi = {10.1086/311313},
   adsurl = {http://adsabs.harvard.edu/abs/1998ApJ...498L.111D},
  adsnote = {Provided by the SAO/NASA Astrophysics Data System}
}

@ARTICLE{1994ApJ...430L..45W,
   author = {{Walker}, R.~C. and {Romney}, J.~D. and {Benson}, J.~M.},
    title = "{Detection of a VLBI counterjet in NGC 1275: A possible probe of the parsec-scale accretion region}",
  journal = {\apjl},
 keywords = {ACTIVE GALACTIC NUCLEI, COUNTERFLOW, RADIO JETS (ASTRONOMY), VERY LONG BASE INTERFEROMETRY, ACCRETION DISKS, RELATIVISTIC PLASMAS, VERY LONG BASELINE ARRAY (VLBA)},
     year = 1994,
    month = jul,
   volume = 430,
    pages = {L45-L48},
      doi = {10.1086/187434},
   adsurl = {http://adsabs.harvard.edu/abs/1994ApJ...430L..45W},
  adsnote = {Provided by the SAO/NASA Astrophysics Data System}
}

@ARTICLE{1994ApJ...430L..41V,
   author = {{Vermeulen}, R.~C. and {Readhead}, A.~C.~S. and {Backer}, D.~C.
	},
    title = "{Discovery of a nuclear counterjet in NGC 1275: A new way to probe the parsec-scale environment}",
  journal = {\apjl},
 keywords = {ACTIVE GALACTIC NUCLEI, COUNTERFLOW, RADIO JETS (ASTRONOMY), VERY LONG BASE INTERFEROMETRY, ELECTROMAGNETIC ABSORPTION, GALACTIC EVOLUTION, RADIO GALAXIES},
     year = 1994,
    month = jul,
   volume = 430,
    pages = {L41-L44},
      doi = {10.1086/187433},
   adsurl = {http://adsabs.harvard.edu/abs/1994ApJ...430L..41V},
  adsnote = {Provided by the SAO/NASA Astrophysics Data System}
}

@ARTICLE{1992A&A...260...33K,
   author = {{Krichbaum}, T.~P. and {Witzel}, A. and {Graham}, D.~A. and 
	{Alef}, W. and {Pauliny-Toth}, I.~I.~K. and {Hummel}, C.~A. and 
	{Quirrenbach}, A. and {Inoue}, M. and {Hirabayashi}, H. and 
	{Morimoto}, M. and {Rogers}, A.~E.~E. and {Zensus}, J.~A. and 
	{Lawrence}, C.~R. and {Readhead}, A.~C.~S. and {Booth}, R.~S. and 
	{Ronnang}, B.~O. and {Kus}, A.~J. and {Johnston}, K.~J. and 
	{Spencer}, J.~H. and {Burke}, B.~F. and {Dhawan}, V. and {Bartel}, N. and 
	{Shapiro}, I.~I. and {Alberdi}, A. and {Marcaide}, J.~M.},
    title = "{The evolution of the sub-parsec structure of 3C 84 at 43 GHz}",
  journal = {\aap},
 keywords = {ACTIVE GALAXIES, GALACTIC EVOLUTION, GALACTIC STRUCTURE, SEYFERT GALAXIES, ASTRONOMICAL INTERFEROMETRY, DATA CORRELATION},
     year = 1992,
    month = jul,
   volume = 260,
    pages = {33-48},
   adsurl = {http://adsabs.harvard.edu/abs/1992A%26A...260...33K},
  adsnote = {Provided by the SAO/NASA Astrophysics Data System}
}

@ARTICLE{1992ApJ...388..301C,
   author = {{Caulet}, A. and {Woodgate}, B.~E. and {Brown}, L.~W. and {Gull}, T.~R. and 
	{Hintzen}, P. and {Lowenthal}, J.~D. and {Oliversen}, R.~J. and 
	{Ziegler}, M.~M.},
    title = "{Fabry-Perot images of NGC 1275 and its puzzling high-velocity system}",
  journal = {\apj},
 keywords = {COOLING FLOWS (ASTROPHYSICS), EMISSION SPECTRA, FAINT OBJECTS, INTERACTING GALAXIES, RED SHIFT, SEYFERT GALAXIES, FABRY-PEROT SPECTROMETERS, H ALPHA LINE},
     year = 1992,
    month = apr,
   volume = 388,
    pages = {301-309},
      doi = {10.1086/171153},
   adsurl = {http://adsabs.harvard.edu/abs/1992ApJ...388..301C},
  adsnote = {Provided by the SAO/NASA Astrophysics Data System}
}

@ARTICLE{1990MNRAS.246..477P,
   author = {{Pedlar}, A. and {Ghataure}, H.~S. and {Davies}, R.~D. and {Harrison}, B.~A. and 
	{Perley}, R. and {Crane}, P.~C. and {Unger}, S.~W.},
    title = "{The Radio Structure of NGC1275}",
  journal = {\mnras},
     year = 1990,
    month = oct,
   volume = 246,
    pages = {477},
   adsurl = {http://adsabs.harvard.edu/abs/1990MNRAS.246..477P},
  adsnote = {Provided by the SAO/NASA Astrophysics Data System}
}

@ARTICLE{1983ApJ...274..549S,
   author = {{Strong}, A.~W. and {Bignami}, G.~F.},
    title = "{Gamma-ray observations toward NGC 1275 and the origin of the emission in the infrared, X-rays, and gamma-rays}",
  journal = {\apj},
 keywords = {GALACTIC NUCLEI, GALACTIC RADIATION, GAMMA RAY ASTRONOMY, INFRARED ASTRONOMY, X RAY SOURCES, ASTRONOMICAL MODELS, GALACTIC CLUSTERS, INTERGALACTIC MEDIA, SYNCHROTRON RADIATION},
     year = 1983,
    month = nov,
   volume = 274,
    pages = {549-557},
      doi = {10.1086/161469},
   adsurl = {http://adsabs.harvard.edu/abs/1983ApJ...274..549S},
  adsnote = {Provided by the SAO/NASA Astrophysics Data System}
}

@ARTICLE{1978Natur.272..430V,
   author = {{Veron}, P.},
    title = "{NGC1275 - A BL Lacertae object}",
  journal = {\nat},
 keywords = {EXTRAGALACTIC RADIO SOURCES, GALACTIC NUCLEI, SEYFERT GALAXIES, EMISSION SPECTRA, HYDROGEN, LINE SPECTRA},
     year = 1978,
    month = mar,
   volume = 272,
    pages = {430},
      doi = {10.1038/272430a0},
   adsurl = {http://adsabs.harvard.edu/abs/1978Natur.272..430V},
  adsnote = {Provided by the SAO/NASA Astrophysics Data System}
}

@ARTICLE{1970ApJ...159L.151L,
   author = {{Lynds}, R.},
    title = "{Improved Photographs of the NGC 1275 Phenomenon}",
  journal = {\apjl},
     year = 1970,
    month = mar,
   volume = 159,
    pages = {L151-L154},
      doi = {10.1086/180500},
   adsurl = {http://adsabs.harvard.edu/abs/1970ApJ...159L.151L},
  adsnote = {Provided by the SAO/NASA Astrophysics Data System}
}

